2618 4770
533 78 753 175 araris..¹
857 172 860 177 ,
1050 119 1113 180 aar

64 277 142 325 cnm
151 256 203 323 nt.
227 254 457 323 Schwarzdd.
473 259 590 345 palm.
608 262 684 324 588.
707 261 870 328 Goerena.
885 264 924 329 ad
935 264 1004 329 Cic.
1015 268 1114 333 Acad.

40 350 108 423 ¹2,
131 346 192 426 18,
216 344 272 413 86.
293 364 370 411 cum
385 364 480 411 aum.
507 343 720 413 Werasdorf.
737 346 783 412 ad⁴
795 342 864 414 Cic.
880 349 964 418 Phil.
978 358 1017 436 2,
1039 359 1072 418 3.

471 520 694 635 'anrn.
793 520 811 641 f

75 706 82 783 ¹·
146 724 198 791 De
216 728 344 817 origine
366 728 519 794 vocabuli
536 745 631 795 ANTE
656 728 792 795 Vossius
811 702 850 795 in
877 730 1114 830 Etymologico
1152 720 1155 727 ¹

70 804 98 876 Ι.
115 813 169 877 87.
191 812 255 879 ita:
278 832 396 893 ,‚ANTE
412 815 545 900 quidam
561 808 624 880 κατ’
639 809 823 898 ἀντίστοιχον
840 816 905 883 dict
922 820 1057 887 cense‘nt
1073 823 1114 887 ab

18 950 24 957 .
64 920 152 983 aare,
174 894 209 962 id
225 909 396 978 estuans,
417 899 470 965 vel
478 899 603 987 paullo
622 911 714 966 aute.
761 901 928 990 Scaligaro
946 906 986 971 de
1000 908 1114 973 Causa.

64 976 102 1053 Ι..
124 982 165 1049 Ι..
183 1005 212 1050 c.
230 986 302 1052 155.
326 982 399 1050 fi'eri
414 984 524 1071 placet
539 1007 581 1052 ex
605 1007 665 1049 am
679 995 712 1050 et
733 997 767 1052 te
782 986 938 1075 syllabica
958 991 1116 1059 adiectio-

63 1091 127 1136 ne:
152 1071 333 1167 quaestio
349 1080 431 1134 tute.
467 1069 532 1137 Sed
551 1068 745 1157 significatio
761 1084 941 1159 repugnat,
964 1078 1039 1165 quia
1056 1100 1117 1142 am

63 1162 115 1223 est
137 1176 276 1220 circum.
318 1154 432 1243 Itaque
453 1155 593 1223 omnino
611 1165 659 1219 est
680 1155 720 1221 ab
738 1155 829 1222 dora:
885 1180 929 1223 uo
948 1184 1045 1248 eapse
1067 1164 1116 1230 si·

56 1237 273 1329 gnificntionc
297 1262 375 1305 usus
397 1240 569 1330 aliquoties
598 1241 829 1306 Homerusst‘f
886 1266 1004 1314 aarum
1035 1271 1116 1313 sen-

46 1322 244 1397 tentiarum
260 1348 325 1392 una
339 1326 454 1390 ultima
472 1327 686 1413 comprobari
701 1337 828 1414 potest:
847 1340 971 1399 ceterae
986 1333 1117 1421 ineptae

61 1421 164 1491 sunta
189 1434 232 1480 ne
252 1434 515 1478 commemorem
533 1410 678 1497 Scheidii
697 1434 885 1499 perversam
908 1438 928 1479 ο
954 1418 1115 1501 inionem,

11 1520 17 1529 ·
64 1496 122 1585 qui
139 1498 181 1567 ad
198 1498 308 1564 Sanct.
317 1497 400 1565 Min.
417 1520 452 1585 p.
464 1499 538 1562 224.
555 1508 636 1561 ante
652 1497 784 1562 deducit
792 1499 832 1563 ab
843 1440 995 1566 obsolirto
1012 1526 1115 1569 voca-

62 1581 146 1653 bulo
162 1584 275 1666 antis,
298 1582 394 1669 quod
405 1582 618 1672 eminentiam
637 1581 814 1670 significet,
848 1595 885 1652 ut
907 1598 988 1653 oute
1009 1591 1052 1654 sit
1076 1590 1117 1655 in

62 1668 272 1745 eminentia,
296 1669 333 1735 io
338 1665 469 1756 fronte.
513 1668 735 1735 Communem
756 1669 919 1759 originem
944 1694 1015 1737 non
1040 1683 1117 1741 tan·-

61 1766 137 1821 tum
154 1754 189 1831 in
203 1775 321 1844 graeco
338 1775 409 1834 usu,
432 1753 509 1834 sed,
526 1752 626 1819 credo
636 1802 647 1834 ,
675 1753 711 1820 in
726 1753 874 1821 humano
891 1757 1044 1842 invenio,
1068 1759 1117 1824 si·

62 1838 197 1908 milium
213 1838 451 1907 vocabulorum
467 1839 651 1920 inventore,
669 1839 732 1906 sibi
747 1839 916 1907 vindicant
927 1811 1017 1910 liaeo
1039 1839 1116 1925 aaa
1169 1871 1174 1889 ··

64 1925 154 2009 auti,
184 1927 220 1992 in
254 1924 622 2011 antideuusurpatum,
644 1921 731 2006 ὄντα,
762 1939 854 2007 ante,
881 1950 965 2014 quae
979 1931 1118 2019 proprie

64 2012 223 2079 dicuntur
245 2011 285 2075 de
311 2011 406 2091 loco,
430 2011 463 2076 in
481 2032 547 2158 ppo
565 2010 686 2101 aliquid
702 2033 744 2075 ex
765 2014 900 2078 adverso
922 2025 954 2078 et
970 2041 987 2082 a
1004 2014 1117 2080 fronte

62 2098 215 2210 ponitur.
261 2096 371 2181 Quem
399 2095 480 2185 signi
508 2103 616 2159 catum
642 2097 759 2162 Graeci
788 2099 823 2162 in
853 2099 958 2165 verbis
986 2099 1062 2165 ἄντα
1084 2108 1118 2166 et

63 2209 162 2264 αντην
179 2193 212 2248 et
233 2182 267 2248 in
291 2183 348 2264 iis,
370 2203 453 2268 quae
473 2202 548 2245 cum
563 2177 629 2245 daal
648 2185 832 2271 composita
858 2195 969 2268 erant,
1001 2197 1117 2254 tenue-

63 2280 165 2351 runt,
189 2268 225 2335 in
246 2268 318 2355 ipsa
341 2267 589 2355 praepositione
604 2263 672 2335 tau
688 2279 870 2336 mutarunt.
892 2301 893 2304 ¹

149 2391 269 2471 ANTE,
299 2387 391 2477 quod
416 2385 605 2452 adverbium
635 2398 684 2452 cst
708 2387 742 2451 in
766 2387 951 2473 legitimum
977 2389 1119 2456 modum

64 2473 271 2556 formatum,
293 2495 370 2538 cum
392 2471 584 2537 nominibus
608 2475 823 2538 coniunctum
845 2475 883 2538 fit
901 2476 1117 2574 praepositio.

65 2583 150 2648 quae
166 2561 345 2647 quominus
362 2580 437 2622 cum
453 2557 593 2623 ablativo
615 2560 853 2646 coniungatur,
875 2561 965 2626 nulla
977 2563 1119 2651 impedit

64 2649 175 2729 ratio,
196 2644 253 2709 sed
270 2666 367 2725 usus,
389 2653 421 2707 et
436 2665 518 2730 quac
534 2643 573 2707 ab
590 2667 628 2708 eo
646 2645 858 2710 constituitur
872 2669 1003 2711 norma.
1047 2649 1117 2711 Ve-

64 2743 150 2798 teres
165 2730 559 2819 grammaticiutrumque
567 2752 690 2804 casum,
701 2740 732 2794 et
741 2732 959 2796 accusativum
977 2742 1009 2796 et
1024 2732 1117 2798 abla-

65 2819 173 2884 tivum
191 2816 326 2883 adscisci
342 2814 512 2902 putabant.
557 2815 724 2881 Charisius
740 2814 848 2882 instit.
867 2840 916 2903 gr.
932 2841 968 2906 p.
985 2823 1060 2884 209.
1077 2818 1119 2882 de

66 2902 370 2993 praepositionibus
403 2912 502 2981 aitte,
533 2912 633 2988 post,
665 2901 775 2981 inter,
805 2923 931 2987 penes.-
954 2903 1119 2990 postponi

65 2989 195 3069 solent,
214 2996 392 3052 accentum
408 2987 521 3074 utique
539 2997 676 3051 mutant
692 2987 924 3076 aliquomodo
940 3001 973 3053 et
989 3011 1118 3068 casum,

66 3074 168 3175 quale
185 3084 236 3138 est
245 3072 371 3159 paucis
386 3083 468 3138 ante
489 3070 627 3152 diebus,
655 3072 739 3136 item
754 3075 880 3158 patrois
898 3086 981 3162 post
1005 3074 1119 3153 annia

66 3173 152 3226 item
169 3181 271 3224 armo
286 3159 377 3225 inter
395 3158 576 3231 iuvemus,¹
601 3158 684 3221 item
695 3157 794 3222 illum
804 3183 930 3248 penes:
955 3171 993 3223 ut
1010 3161 1041 3222 si
1050 3181 1117 3245 pe·

66 3268 128 3312 nes
143 3244 259 3324 illum,
281 3254 363 3310 ante
378 3252 503 3328 etpost
513 3264 646 3328 paitcos
661 3241 752 3324 dies,
786 3245 877 3312 inter
900 3268 1001 3311 arma
1025 3246 1118 3309 iuve-

67 3353 162 3397 num.
207 3329 460 3396 Existimavcrat
486 3328 586 3414 igitur
612 3327 794 3404 Charisius,
820 3333 919 3395 simul
943 3352 1020 3394 cum
1040 3352 1120 3394 aua-

67 3415 210 3502 strophe
234 3417 332 3479 etiam
357 3436 468 3481 casam
492 3414 671 3478 immutari.
721 3417 828 3503 Atque
853 3439 895 3481 ex
920 3415 987 3479 hoc
1018 3436 1120 3503 argu·
1199 3422 1201 3433 '

67 3513 184 3567 mento
213 3501 344 3565 Servius
368 3499 409 3565 ad
434 3498 550 3583 virgil.
574 3499 645 3563 Ecl.
672 3505 708 3580 1,
730 3507 783 3568 80.
805 3502 910 3588 longo
927 3511 1011 3587 post
1031 3513 1120 3565 tem·

61 3610 153 3676 pore
171 3587 271 3653 venit.
293 3596 402 3651 notat:
421 3598 481 3655 out
497 3581 661 3665 ἆρμϊσμὸς
676 3597 742 3649 est:
775 3585 909 3674 antiqui
924 3586 1015 3652 enim
1028 3597 1120 3673 post,
1196 3595 1200 3604 '

68 3685 172 3754 ante,
206 3673 336 3736 circum
360 3673 467 3737 etium
493 3669 643 3735 ablativo
668 3671 875 3759 iungebant:
907 3671 996 3759 quod
1018 3671 1120 3736 hodie

66 3757 186 3844 facere
207 3758 349 3821 minime
375 3778 575 3845 possumus.-
608 3767 669 3820 aut
689 3757 824 3845 longo
845 3770 951 3843 post
976 3781 1048 3822 uria
1070 3768 1121 3822 est

46 3867 155 3932 pars
183 3843 364 3933 orationis.
407 3842 548 3908 Meliora
570 3841 668 3904 docet
691 3843 874 3906 Priscianus
898 3865 933 3929 p.
953 3847 1028 3907 976.
1052 3843 1120 3929 (14,

72 3937 112 4006 1,
135 3926 182 4015 4.)
206 3940 238 3996 ct
252 3952 289 4023 p.
307 3931 383 3996 989.
419 3929 493 4014 (14,
516 3933 555 4005 3,
576 3926 645 4012 82.)
668 3938 771 3994 uate
793 3940 826 3996 et
849 3930 1064 4016 conspicuitas·
1087 3938 1120 3994 et
1212 3970 1215 3975 -
