2618 4770
489 322 666 411 AVTEM.
1036 332 1101 403 669

45 488 181 575 donem
207 507 279 554 osse
301 479 541 572 multiplicem,
565 482 623 549 sed
645 482 905 570 varium‘usum.
946 482 1100 575 Legimus

47 586 164 653 nartem
175 574 210 653 in
219 571 500 661 ueagrplicationibus
516 569 614 637 huius
631 576 907 660 usustpropositis
920 574 1102 643 commixta

46 659 212 726 vocabula
228 660 302 723 iam
319 660 417 736 acro,¹
432 667 607 735 attamen,
626 654 706 735 aed,
726 657 824 730 item,
849 670 956 740 certe,
976 652 1103 743 minua,

45 746 132 828 ita,.
145 745 294 823 idcirco,
316 743 440 824 immo,
462 764 510 807 aa
527 751 560 805 et
578 740 656 816 alia,
703 763 762 805 uae
778 754 853 807 sunt
870 745 1102 812 diversissima.

45 818 158 929 Atque
182 827 423 917 illud-quidem
444 847 515 891 non
539 832 652 913 potest
677 764 815 890 dubium
841 822 961 912 videri,
988 843 1104 896 autem

47 932 150 981 unius
184 939 254 980 esse
285 914 333 978 ori
359 910 436 1005 inii..
440 920 696 1009 „tt1.¹t¹.„20„²1;l‚2.0l
721 922 901 1001 utrumque
924 928 962 979 to
988 928 1104 982 batum

47 939 457 1101 griiffiffiii'quo
479 995 584 1061 modo
604 1006 703 1074 atem,
725 996 864 1082 itidem,
887 940 1023 1088 quietim
1046 1002 1104 1066 ad-

47 1094 133 1173 recta
148 1082 285 1174 syllaba
307 1096 376 1149 tem
399 1082 450 1146 vel
475 1080 553 1147 dem
577 1075 789 1147 conformata
811 1097 906 1168 sunl,
937 1088 982 1151 ila
1006 1090 1105 1153 etiam

48 1158 187 1239 'a'z'b'teme
213 1186 416 1258 quamquam
434 1162 488 1231 alii
506 1156 594 1248 ader,
619 1164 710 1254 q'uod
731 1174 783 1257 'est
805 1164 846 1235 αὖ
865 1197 914 1256 τε,
938 1167 992 1237 alii
1009 1169 1105 1259 adeda

47 1257 265 1324 formationis
282 1253 637 1351 fundamentumponi
653 1249 791 1334 malunt,
809 1257 900 1341 quod
915 1258 1005 1323 baud
1046 1278 1106 1324 ro-

47 1342 160 1409 babile
169 1340 315 1405 uidetur.
358 1337 528 1402 Prilnitivu
545 1339 648 1425 igitur
664 1336 758 1401 notio
777 1342 923 1406 nominis
941 1367 987 1407 arc
1001 1282 1044 1409 id
1053 1347 1106 1411 in-

48 1420 172 1505 dicat,'·
183 1423 273 1518 quod
288 1433 408 1487 contra·
421 1424 575 1510 posituiti
600 1428 692 1510 (num
709 1422 801 1510 quod
821 1418 861 1489 αὖ
875 1446 1009 1511 rursus,
1037 1431 1107 1495 itc-

50 1535 131 1580 rum
147 1513 231 1596 signi
259 1531 328 1583 ca,
351 1519 447 1572 notio
470 1519 568 1573 estin
595 1508 802 1592 ededucta),
824 1511 967 1597 ideoque
990 1525 1107 1579 nutem

49 1597 217 1695 principio
239 1605 335 1659 notat
365 1605 508 1673 chatra.
526 1593 702 1693 dagegen
729 1593 828 1673 eben,
852 1596 1015 1684 :hancque
1038 1601 1108 1665 vim

340 1676 389 1689 'Qu
397 1674 585 1692 unu-tnw

54 1676 363 1783 oprer
379 1701 516 1745 omnem
539 1680 789 1760 usunxtmuto
806 1682 981 1763 adstricto,
1004 1673 1118 1759 mb'dd'

52 1769 336 1849 relandoaeusu,
359 1773 482 1857 servata
504 1765 679 1852 ,Syllabam
694 1769 876 1834 tamenim
893 1790 963 1845 non
979 1791 1108 1841 meram

81 1864 138 1919 uto
162 1874 232 1917 esse
262 1852 533 1919 terminationem
557 1851 797 1935 adverbialem,
815 1852 883 1918 -sed
905 1858 1108 1942 potestatem

52 1877 721 2019 iubet-distinctionis,demonstrativam‚
741 1957 844 2026 quam
866 1962 928 2004 nos
943 1931 1107 2007 vocabulo

56 2023 139 2090 eben
171 2018 390 2109 designamus.
445 2013 567 2109 idque,
604 2032 642 2086 ut
670 2022 820 2107 videtur,
855 2028 966 2090 animo
982 2037 1108 2105 ¹teneus

55 2108 238 2175 Priscianus
265 2108 469 2193 comparavit
497 2128 654 2192 graecum
683 2100 733 2192 δή.
782 2110 849 2174 Sed
872 2113 1109 2198 oppositivam,

56 2218 129 2271 non
154 2194 391 2259 adversativam
418 2193 588 2283 nominavi
607 2195 695 2276 vim,
724 2196 804 2282 quip
830 2210 946 2295 aquae
965 2218 1023 2261 sua
1046 2219 1112 2285 op-

56 2281 226 2371 positione
242 2284 313 2343 nou
328 2277 453 2342 reliciat
467 2283 523 2343 aut
535 2280 712 2366 restringat
725 2220 921 2369 alicuiqurd,
940 2282 1030 2370 qued
1048 2302 1109 2349 aa*
1135 2354 1139 2369 Ι

55 2366 196 2448 tece'dit,
218 2365 277 2429 sed
294 2363 321 2426 si
341 2362 562 2448 quando-boc
583 2364 713 2447 fiat‚‹id
739 2382 781 2432 ux
803 2368 934 2432 ratione
955 2390 988 2432 et
1012 2372 1111 2454 argu*
1135 2394 1138 2399 ·

55 2462 173 2519 mento
189 2448 465 2514 'enuntiationum¹
476 2451 787 2536 compfirendarum
805 2454 954 2541 recipiat.
984 2454 1111 2521 Discri⁴

56 2560 139 2603 men
161 2537 299 2625 proprie
320 2535 500 2615 indicatur,
527 2556 598 2598 non
628 2537 816 2619 diversitas,
845 2548 885 2601 ut
914 2538 998 2604 bene
1028 2538 1113 2605 vidit

57 2624 206 2690 Bauerus
222 2622 262 2686 ad
282 2620 406 2684 Sanctii
422 2619 505 2685 Min.
526 2618 569 2682 T.
588 2625 619 2685 2.
635 2645 669 2708 p.
684 2627 759 2686 341.
778 2634 876 2708 atque
896 2623 942 2687 ita
959 2626 1114 2722 opposite

58 2708 122 2775 sibi
149 2706 354 2794 respondent
385 2707 539 2771 invicem.
597 2705 677 2769 lude
701 2700 809 2771 oritur
840 2709 886 2771 vis
917 2709 1113 2789 distinctiva,

21 2850 27 2857 .
59 2816 147 2883 quae
172 2794 269 2859 aliam
291 2813 364 2856 rem
387 2790 427 2855 ab
454 2790 520 2856 alia*
534 2788 795 2878 distinguat,'·at
821 2788 1147 2860 ue÷·ii1”‘'6r'i't16ffe“'‘

60 2878 297 2969 componenda
322 2898 431 2964 prope
463 2876 586 2942 aceedit
624 2877 665 2940 ad
701 2874 767 2941 vim
797 2814 1123 2946 demonstratiuam't'

57 2988 141 3032 nam
163 2985 259 3040 eum,
279 2968 337 3049 qui
351 2963 441 3027 audit
449 3004 467 3042 ,ι
481 2961 521 3024 ab
547 2960 647 3026 altera
664 2972 758 3049 parte
781 2962 816 3026 in
838 2963 975 3028 alteram
997 2964 1114 3029 tradu-

61 3051 168 3117 cimus
186 3049 429 3136 distinguendo,
443 3057 475 3111 et
488 3060 662 3135 utramque
678 3062 751 3111 rem
764 3058 802 3110 ut
816 3048 1005 3133 committat
1019 3049 1115 3115 iube-

58 3154 149 3203 mus.
171 3156 174 3161 ·
191 3133 240 3199 Ita
255 3156 301 3211 ea,
321 3156 405 3221 quae
420 3144 457 3198 r'e
472 3132 609 3199 discreta
626 3133 766 3219 intelligi
782 3133 948 3212 volumus,
969 3144 1007 3199 ut
1024 3142 1115 3200 reate

87 3221 234 3306 erspexit
254 3221 439 3300 Gesnerus,
462 3219 614 3283 oratione
631 3219 869 3283 connectimus.
886 3234 889 3239 '
912 3221 997 3285 Hinc
1012 3220 1131 3285 tutela..

58 3244 198 3394 digitur,
223 3320 394 3391 quousque
411 3305 547 3369 attineat
571 3303 722 3390 cognatio
750 3305 903 3371 vocabuli
936 3317 991 3384 at,
1023 3306 1116 3392 quod

62 3402 227 3478 quatenus
263 3389 468 3477 oppositioni
502 3389 644 3477 simplici
678 3390 830 3473 inservit,
865 3391 1116 3479 propemodum

60 3477 155 3545 idem
171 3474 351 3559 significat,
373 3485 406 3538 et
423 3468 457 3537 in
471 3468 589 3555 iisdem
605 3470 801 3541 dictionibus
815 3485 1004 3563 usurpatur.
1029 3476 1116 3555 ¹Er-

59 3572 140 3630 rant
166 3583 244 3627 vero
269 3558 292 3625 ii
315 3556 547 3639 vehementer,
575 3561 631 3647 qui
655 3571 769 3627 autem
790 3560 882 3629 idem
910 3581 980 3626 esse
1001 3558 1115 3627 dicunt

64 3646 159 3736 quod
176 3646 249 3713 sed.
291 3647 365 3710 Hoc
384 3654 514 3732 separat
535 3652 569 3709 et
587 3654 756 3727 removet,
776 3639 860 3731 illud
884 3646 1058 3733 componit
1081 3657 1116 3711 et

63 3733 249 3809 continuat.
290 3731 360 3796 Nec
382 3732 453 3809 sine
471 3751 583 3801 caussa
597 3731 663 3796 iam
678 3724 886 3796 'Pursellinus
905 3730 1054 3812 monuit,
1076 3743 1114 3797 ut

63 3819 101 3885 in
118 3815 339 3906 explicatione
352 3815 463 3904 potius
479 3828 513 3881 et
529 3838 629 3903 quam
646 3815 709 3881 sed
730 3810 951 3881 adhiberetur.
995 3819 1059 3882 Sed
1079 3818 1116 3884 in

62 3903 131 3969 boc
148 3924 213 3968 usu
227 3902 326 3967 etiam
341 3898 500 3988 temporis
518 3914 567 3967 est
582 3903 689 3990 aliqua
708 3900 888 3967 diversitas.
919 3900 1116 3989 Antiquiore

63 3990 158 4056 enim
174 3998 326 4074 tempore
340 3987 501 4073 particula
545 3986 716 4072 lorumque
730 3984 800 4050 vim
819 3980 910 4051 illam
934 4008 1053 4073 puram
1077 4011 1116 4053 ac

63 4073 251 4162 sirnplicem
268 4072 445 4146 obtinebat,
467 4083 501 4145 ot.
543 4072 763 4139 'stinctionem
778 4064 918 4150 addebat
931 4072 1030 4138 rebus
1045 4096 1116 4140 non

62 4169 184 4230 natura
206 4179 285 4247 sua,
320 4156 378 4227 sed
398 4156 564 4249 positione
585 4154 748 4247 adversius
782 4157 981 4237 recentiores
1006 4170 1115 4239 autem
