2618 4770
565 338 636 406 AN·
1064 350 1128 417 sss

1168 426 1178 455 Ι

132 496 225 551 rito?
251 513 289 549 au
315 503 350 547 ta·
364 496 528 565 euspicium
553 503 756 549 commoratum
779 498 847 553 est?
877 500 954 568 Epiri.
979 502 1012 568 2,
1032 504 1067 569 2,
1083 505 1127 559 39,

132 584 197 634 cic.
216 581 251 633 ad
270 585 325 630 Att.
341 578 375 644 8,
395 577 437 631 15.
455 581 505 633 ssd
523 579 590 649 quid
612 581 721 634 Curio?
741 600 779 632 an
801 581 881 635 ittam
896 572 1052 642 orationem
1070 610 1127 644 non
1190 568 1194 579 .

134 666 239 739 legit?
262 665 281 715 i.
299 684 323 717 e.
339 682 429 716 noune
450 665 630 729 irascebatur,
652 684 686 717 eu
705 666 780 718 illam
797 668 944 721 orationem
965 684 1020 723 non
1037 675 1125 743 legit?

133 754 197 805 cte.
213 752 243 803 in
255 750 333 804 Verr-
359 749 393 812 1,
408 748 459 812 89,
488 750 549 807 102.
576 750 645 822 qaid
664 751 800 822 proderat
830 752 900 816 sibit
927 767 957 810 to
972 777 1127 828 expensum

134 838 201 895 iuis
216 854 272 890 aon
292 832 416 887 tulisse?
434 853 473 885 an
493 836 549 888 tuis
564 834 635 888 solis
653 835 758 890 tabulis
783 848 810 892 tr
835 856 962 893 caussam
986 843 1126 898 dicturum

134 917 333 977 existimasti?
357 919 376 969 i.
393 935 417 969 e.
443 917 510 969 nihil
535 921 663 990 proderat
677 921 745 983 tibi,
771 932 798 973 te
823 940 965 991 expensum
988 928 1043 981 illis
1071 949 1126 984 non

138 1008 246 1064 mlius.
280 1019 343 1057 num
362 1005 445 1072 igitur
459 1005 559 1074 putenti
574 1007 626 1057 tibi
645 1008 813 1076 profuturum
828 1025 903 1072 esse,
918 1028 952 1062 an
969 1013 1125 1067 existimasti

138 1094 194 1145 tuis
212 1091 276 1144 solis
294 1089 390 1141 tabulis
416 1099 443 1141 te
466 1108 583 1142 caussam
599 1090 751 1142 dicturum?
780 1091 815 1154 4,
832 1092 882 1157 12,
905 1094 949 1147 27.
967 1098 1035 1169 quid
1051 1105 1126 1155 enim

100 1238 103 1243 ,
139 1188 237 1233 actum
253 1175 334 1231 esti·
351 1193 390 1227 ars
408 1173 511 1230 litteris
528 1177 702 1247 pepercisti?
727 1178 800 1229 Cart.
817 1173 851 1241 4,
870 1176 920 1242 16,
938 1177 964 1233 5.
985 1182 1052 1252 quid
1070 1203 1126 1239 m.

139 1260 236 1319 satis?
253 1280 292 1315 au
309 1252 535 1331 refugientibus
561 1260 673 1335 quidem
697 1279 780 1331 pares
797 1262 900 1335 estis?¹

153 1367 216 1419 ‚De
243 1367 347 1418 &nect
373 1361 407 1426 6,
434 1361 476 1419 15.
500 1383 520 1416 a
544 1361 625 1418 rebus
652 1363 783 1436 gerendis
808 1375 932 1419 senectus
965 1367 1127 1426 abstrahit?

144 1448 269 1524 quibus?
293 1468 331 1501 an
341 1448 402 1510 tis,
418 1465 491 1519 quas
511 1450 540 1501 in
561 1451 709 1515 iuuentute,
720 1460 853 1520 geruntur
869 1461 898 1502 et
911 1451 1039 1508 viribus?
1064 1458 1083 1508 i.
1094 1477 1125 1523 ,e-

141 1554 204 1589 num
223 1526 292 1599 aliis,
309 1538 343 1584 ah
360 1533 403 1597 iis,
421 1551 487 1601 quae
507 1530 562 1585 -i
579 1535 656 1585 Ture.
675 1532 702 1598 8,
720 1535 745 1600 1,
765 1533 790 1587 1.
808 1535 942 1610 quidnam
953 1556 1020 1604 esse,
1030 1541 1126 1607 Brute,

144 1628 385 1690 commorantem,
414 1638 477 1683 cur,
509 1644 538 1657 -
562 1622 686 1688 corporis
714 1618 830 1672 curandi
853 1619 1003 1692 tuendique
1028 1643 1126 1679 caussa

143 1704 271 1777 quaesita
293 1705 332 1757 sit
357 1720 403 1755 ars
421 1707 480 1756 er'us
503 1715 587 1775 atque
604 1701 717 1756 utilitas
732 1725 783 1756 -s
805 1708 894 1759 asrimi
920 1715 1013 1760 autem
1039 1711 1126 1764 merli·

143 1791 206 1843 cina
235 1806 285 1841 neu
310 1797 369 1840 tam
396 1787 556 1841 desr'derata
582 1791 638 1852 sit,
664 1797 814 1861 autequam
835 1789 966 1859 inventa,
994 1812 1044 1847 nec
1069 1807 1127 1849 tam

100 1936 104 1943 ¹
144 1875 238 1939 culta,
262 1882 448 1946 posteaquam
466 1871 579 1944 cognita
601 1884 643 1926 est
658 1876 717 1926 -2
736 1893 773 1926 an
795 1873 871 1947 quod
892 1878 1017 1947 corporis
1032 1883 1126 1951 graui-

144 1970 231 2013 tatem
249 1968 277 2011 et
296 1955 423 2012 dolorem
442 1959 535 2010 anieno
550 1957 721 2021 iudicamus,
747 1960 836 2014 animi
860 1957 985 2013 morbum
1009 1981 1127 2034 corpore

144 2065 200 2099 non
219 2043 374 2098 scutimus?
391 2044 409 2093 i.
426 2063 450 2096 e.
480 2043 567 2095 sintne
587 2044 653 2095 aliae
671 2060 787 2107 caussae,
804 2061 838 2096 an
859 2045 930 2113 quod
948 2046 1005 2099 -i
1030 2050 1126 2118 virgil.

143 2111 200 2183 incl.
216 2129 252 2196 8,
273 2128 297 2181 1.
318 2125 364 2181 die
384 2127 470 2190 milri.
489 2128 645 2196 Damoeta,
672 2133 765 2182 cuium
780 2128 887 2200 pecus?
902 2147 941 2181 an
960 2130 1126 2203 Meliboei?

143 2214 215 2285 qnod
231 2231 285 2265 non
303 2212 411 2265 reddam
427 2229 485 2271 cnm
505 2214 614 2264 Beiero:
643 2211 714 2265 doch
741 2211 799 2265 wol
819 2210 895 2266 nicht
911 2216 990 2286 gar?
1018 2219 1066 2268 sed
1084 2230 1126 2277 est

143 2320 209 2354 num
227 2308 268 2354 est
285 2296 376 2358 alius.
402 2317 439 2349 an
464 2295 630 2351 Meliboei?
657 2298 794 2350 [testium
813 2299 920 2352 Graeci.
953 2301 1022 2353 Plat.
1039 2305 1125 2356 Parra.

144 2387 187 2440 22.
207 2386 250 2446 τίς
267 2374 337 2448 οὖν,
355 2379 460 2445 εἰπεῖν,
485 2379 536 2450 poi
557 2377 770 2450 eisuorrprvrireu,⁸
796 2375 816 2453 ἢ
841 2376 858 2438 ii
881 2378 1040 2448 redentor,-
1064 2389 1083 2439 i.
1101 2408 1125 2442 e.

143 2473 202 2543 quis
219 2470 284 2521 mihi
299 2467 491 2535 respondebit?
517 2483 579 2518 num
598 2466 682 2534 aliua,
703 2485 736 2517 en
750 2467 872 2519 minimus
890 2468 974 2521 natu?
996 2473 1054 2523 Nec
1074 2473 1126 2524 du-

143 2557 212 2620 bito,
222 2556 286 2624 quin
303 2552 371 2621 apud
379 2552 551 2604 Theocritum
565 2551 592 2615 4,
611 2552 635 2604 1.
654 2551 819 2605 scribendum
836 2553 883 2604 sit:
905 2553 983 2617 τίνος
999 2554 1029 2608 ui
1043 2552 1126 2626 βόεςς

144 2635 217 2713 ἥὸα
237 2631 385 2702 &cidarim
403 2640 471 2689 Nam
487 2655 560 2689 usum
579 2637 718 2689 verborum
736 2629 753 2704 ἦ
769 2634 806 2704 ῥα
823 2653 920 2705 negare
939 2655 994 2690 non
1015 2639 1126 2691 debebat

141 2726 308 2778 Hermannus
327 2722 361 2773 ad
380 2722 460 2790 Soph.
476 2722 516 2774 si.
535 2720 594 2774 176.
612 2723 692 2791 Soph.
708 2721 773 2773 Oed.
790 2724 822 2772 R.
843 2719 904 2774 622.
924 2720 953 2775 ri
969 2722 1044 2792 δῆτα
1056 2722 1126 2797 χρῄ-

144 2809 218 2875 {tm
237 2800 254 2877 ἦ
270 2825 304 2875 με
321 2807 372 2876 γῆς
390 2806 504 2877 βαλεῖν,
532 2808 570 2859 ita
587 2806 752 2858 scribendum
772 2824 828 2857 esse
847 2806 915 2857 vidit
931 2808 1073 2863 Hermann.
1093 2813 1127 2862 ad

146 2894 213 2946 0ed.
240 2894 296 2943 Col.
320 2891 396 2954 649„
431 2910 509 2958 quem
534 2908 588 2942 non
614 2892 683 2959 fugit
708 2902 781 2942 reeta
806 2892 875 2943 ratio
905 2891 933 2942 in
958 2893 1127 2946 restituendis

144 2980 232 3033 verbis
252 2998 276 3030 v.
294 2973 354 3028 649.
373 2987 400 3027 et
416 2975 476 3030 826.
510 2980 549 3029 De
572 2976 632 3028 loco
659 2975 713 3027 Cic.
737 2976 815 3029 offic.
834 2977 865 3038 1,
887 2974 929 3028 15.
946 2975 997 3029 hac
1022 2980 1126 3031 ratione

143 3050 314 3119 defendendo
331 3061 418 3131 paullo
437 3072 498 3132 post
514 3063 608 3114 dicem.
628 3048 631 3053 ¹

181 3170 239 3219 Huc
256 3167 335 3219 etiam
351 3166 487 3235 pertinent
508 3164 573 3216 haee
592 3165 702 3217 similia:
722 3165 818 3217 catull.
836 3164 887 3231 80,
903 3146 930 3220 5.
948 3167 1040 3219 nescio
1059 3165 1128 3237 qusid

146 3263 220 3307 certe
232 3250 288 3306 est.
323 3251 370 3306 Au
390 3270 454 3304 uere
465 3248 553 3329 faura
571 3263 696 3303 susurrat
714 3250 771 3301 -t

162 3353 214 3421 14.
237 3355 322 3421 Hinc
339 3352 505 3418 formulae
520 3353 553 3415 in
573 3350 803 3438 proponendis
822 3354 943 3417 caussis
963 3379 1010 3419 au
1028 3354 1128 3441 quod,
1237 3364 1239 3369 '

91 3466 124 3507 ers
139 3440 242 3529 quius
266 3441 318 3515 eui
335 3438 528 3537 oppositum
550 3449 665 3502 utrum
681 3437 771 3524 quod
787 3440 850 3502 nisi
866 3439 973 3503 verbis
992 3462 1129 3525 expres-

91 3550 152 3591 um
169 3536 239 3605 est,
262 3525 456 3609 intelhgitur
472 3531 594 3585 iumen.
638 3523 805 3587 Praecedit
822 3524 911 3588 euim
929 3524 1129 3613 plerumque

91 3613 138 3683 lie
154 3611 392 3696 interrogatio,
419 3628 501 3695 quae
518 3607 602 3671 illud
616 3608 775 3674 involvet.

181 3732 235 3785 Cic.
253 3733 330 3784 Tusc.
348 3729 381 3792 8,
399 3729 432 3791 2,
450 3724 475 3778 5.
496 3736 586 3779 utrum
610 3726 686 3799 quod
711 3731 804 3783 minus
829 3739 948 3780 nossent
970 3730 1059 3782 animi
1083 3747 1129 3783 as·

146 3819 323 3888 grotationes
344 3833 427 3887 qaam
447 3814 591 3882 corporis?
612 3833 650 3865 an
667 3813 743 3885 qsrod
760 3829 879 3882 corpora
900 3813 989 3864 curari
1004 3800 1128 3885 possint,

145 3902 303 3954 animorum
312 3899 449 3953 medicina
458 3897 538 3951 nulla
548 3898 610 3950 sit?
629 3899 710 3952 Acad.
720 3900 744 3961 1,
753 3899 778 3959 3,
796 3897 837 3949 10.
854 3895 1003 3967 quidenim
1014 3916 1128 3951 caussae

143 3998 196 4049 ast,
207 4006 253 4039 eur
261 3996 363 4056 poetas
371 3983 476 4037 latinos
483 3984 590 4054 graecis
600 3980 702 4037 litteris
710 3981 811 4037 eruditi
821 3980 925 4051 legant,
940 3980 1131 4052 philosophos

146 4090 204 4125 non
215 4070 333 4143 legant?
350 4086 388 4121 an
397 4071 461 4141 quia
470 4067 592 4122 delectat
600 4065 712 4121 Ennius
720 4077 771 4119 etc.
778 4067 822 4119 ubi
830 4065 897 4117 nihil
905 4065 1064 4129 mutandum,
1079 4083 1128 4117 nee

147 4157 228 4211 rerba
250 4165 357 4229 quanto
384 4157 492 4226 magis,
527 4172 595 4224 quae
619 4166 778 4224 sequamur,
814 4150 967 4221 neeffleuds
991 4160 1052 4203 sunt
1077 4168 1127 4221 pro

806 4243 847 4303 23
