2618 4770
496 273 503 292 i
560 330 721 399 ADHVC.
927 389 931 396 ,
1077 342 1138 410 157

165 511 221 563 pore
242 489 377 560 trstrrpari,
404 506 453 542 nee
480 487 533 540 diei
551 503 672 559 umquam
690 487 725 542 de
742 485 845 544 titteris
859 488 950 544 adhue
972 511 1022 562 pro
1040 493 1076 549 de
1092 473 1138 552 lit.

166 584 226 632 teris
242 570 393 629 haetenus:
420 575 499 643 idque
523 575 760 642 comprobaverunt
776 574 903 626 Cellarius
919 578 978 628 Cur.
993 599 1021 647 p.
1030 579 1091 634 562.
1104 595 1138 635 ,ει

163 663 327 714 Strodtmann
352 661 380 711 in
404 660 476 712 Actis
499 677 554 710 soc.
574 660 621 726 lat.
644 660 700 712 len.
722 656 749 711 8.
767 650 797 727 p.'
817 655 859 709 57.
883 678 958 714 usum
976 680 1137 720 communem

162 747 238 814 inagis
262 747 434 797 observarunt
451 761 528 813 quem
543 745 681 796 rationem.
1103 758 1107 771 ¹

149 855 151 859 ’
184 857 298 927 ,Vltimi
317 856 346 906 in
365 855 466 922 Digest.
479 852 528 920 ¹15,
546 855 571 918 1,
590 855 615 907 1.
636 856 676 905 sio
693 851 794 907 deinde
810 849 903 908 adhue
918 862 1068 926 peruenire,
1088 863 1137 927 nbi
1186 839 1187 843 Ἰ

161 942 194 996 de
216 939 330 1010 peculio
349 939 433 992 datur
450 942 536 993 aetio.
556 939 589 989 de
607 939 700 1006 quibus
717 938 889 992 Heineccius:
917 940 988 1005 „nisi
1005 946 1074 998 forte
1092 950 1137 1000 le·
1176 994 1179 1007 ‚

153 1012 267 1094 'gendum
287 1027 322 1076 sit
343 1024 382 1078 ad
398 1024 477 1095 ime„
491 1024 541 1085 vel„
552 1023 829 1101 elisapraepositione
847 1024 918 1077 duee
935 1027 1057 1082 insolitus
1075 1021 1137 1086 sane

158 1125 186 1162 ec
203 1109 262 1162 lere
280 1111 338 1161 sine
356 1109 475 1178 exemplo
494 1120 535 1160 est
552 1109 613 1160 talis
629 1109 706 1162 huius
721 1109 839 1161 adverbii
858 1113 949 1165 usus.“

172 1243 204 1302 2.
232 1234 287 1300 Ex
308 1235 377 1299 loci
401 1234 543 1298 notione
576 1234 759 1299 desumitur
780 1234 981 1302 conditionis
1000 1260 1138 1305 mensu-

112 1346 145 1391 ra.
168 1323 278 1402 Quare
294 1338 413 1408 aurive
433 1320 589 1406 ponitur,
620 1319 678 1382 ubi
696 1343 759 1383 nos
776 1320 917 1384 dicimus
937 1323 976 1386 in
993 1347 1030 1387 so
1045 1328 1137 1407 weit,

111 1408 204 1474 iader
217 1407 280 1474 Ma
296 1428 374 1487 sert,
400 1414 526 1477 utrem
542 1425 584 1468 ex
601 1413 691 1470 certa
709 1405 818 1493 aliqua
833 1408 963 1474 ratione
982 1405 1138 1477 conside-

111 1481 281 1559 raidffiin
305 1513 440 1554 icemus.

169 1670 179 1685 ,
199 1613 258 1682 Liv,
276 1610 321 1675 21,
340 1610 383 1670 18.
401 1608 427 1660 4.
451 1626 587 1682 praeceps
604 1619 712 1681 nestra.
733 1607 867 1676 Romani,
887 1622 917 1666 et
935 1617 1014 1684 prior
1030 1615 1137 1688 legatio
1197 1616 1204 1627 Χ

157 1693 226 1770 fnit,
245 1700 328 1770 quiam
341 1690 530 1755 Hannibalem
540 1696 551 1757 ,’
569 1705 712 1767 tamquam
723 1713 774 1748 suo
784 1696 904 1752 consilio
922 1701 1078 1768 Saguntum
1087 1721 1139 1774 op·
1172 1720 1177 1728 ’

159 1794 345 1857 pugnantem,
375 1774 589 1852 deposcebatis.
623 1795 741 1834 ceterum
760 1779 826 1835 liaeo
852 1781 958 1854 legatio
977 1785 1068 1839 verbis
1086 1789 1137 1840 ad·
1227 1812 1230 1817 ·

160 1870 209 1924 duc
227 1869 317 1923 lenior
336 1876 394 1931 est,
422 1885 451 1920 re
465 1869 602 1937 asperior·
619 1867 637 1916 i.
654 1883 678 1920 e.
706 1876 834 1935 quatenus
853 1868 934 1919 verba
960 1873 1136 1939 comprehen-
1171 1880 1198 1902 “

161 1957 223 2006 dunt
245 1954 322 2004 istam
346 1947 378 2003 de
407 1947 555 2003 Hannibale
581 1952 679 2002 factam
701 1952 921 2020 propositionem.
954 1957 1028 2007 Nos:
1063 1956 1138 2012 diese

165 2032 388 2106 Gesandtsodast
413 2039 451 2090 ist
470 2032 599 2108 dirigent
609 2039 639 2091 in
653 2036 764 2090 so'weit
778 2036 832 2090 den
849 2038 977 2095 Worten
991 2038 1062 2093 nach
1076 2042 1139 2096 mil·

160 2124 222 2187 der,
241 2123 289 2176 der
305 2120 393 2175 Sacae
407 2120 477 2174 nach
492 2119 595 2174 deinter.
630 2114 730 2191 Eodem
744 2122 823 2172 modo
840 2122 906 2174 milri
920 2125 1025 2192 quidem
1040 2129 1137 2180 viden-

158 2222 196 2261 tur
213 2208 382 2277 explicanda·
395 2204 567 2270 Quinctiliani
587 2207 683 2272 verba,
709 2196 742 2258 de
763 2207 856 2275 quibas
879 2208 948 2260 nihil
971 2199 1149 2281 Spaldingius⁷

161 2305 255 2358 monet,
270 2288 324 2343 nisi
335 2292 466 2361 quomodo
477 2310 569 2343 canon
576 2286 661 2361 accipi
676 2285 802 2344 debeant:
821 2293 849 2357 2,
868 2292 911 2358 19,
930 2294 958 2350 2.
976 2298 1020 2348 sin
1037 2316 1075 2369 env
1086 2318 1139 2369 pa.
1207 2312 1209 2318 ’

161 2385 313 2440 timeant,
339 2376 376 2432 in
395 2375 579 2431 mediocribus
595 2376 705 2450 quidem
725 2377 956 2447 utrisque·maius
975 2378 1067 2434 adduc
1089 2405 1138 2437 na·

160 2475 234 2518 turae
257 2462 369 2515 credam
389 2482 448 2517 esse
461 2473 647 2528 momentum,
673 2472 880 2515 eonsummatos
897 2465 1073 2536 centemplare
1089 2468 1148 2522 do.'
1221 2526 1225 2535 Ι

162 2553 263 2603 etrinae
285 2547 382 2602 debere
405 2569 487 2622 quam
507 2561 641 2612 naturae,
669 2545 788 2618 putabo.
813 2548 832 2597 i.
853 2566 877 2602 e.
906 2549 957 2599 hac
976 2550 1006 2601 in
1024 2554 1139 2611 ratione.

161 2637 250 2702 Neque
269 2632 390 2697 stiterit,
409 2627 435 2698 5,
452 2628 495 2686 20.
512 2638 593 2704 peius
608 2631 715 2698 adhuc,
735 2649 789 2705 quo
809 2633 900 2704 magis
911 2628 1028 2703 falsum
1047 2650 1089 2692 est
1110 2650 1139 2693 et

160 2718 269 2789 longine
286 2720 415 2789 petitum.
432 2715 485 2775 ie.
503 2720 578 2788 peius
596 2731 636 2772 est
655 2728 780 2782 eatenus,
798 2728 926 2786 quatenns
947 2721 1030 2787 magis
1043 2716 1139 2776 falsum
1203 2717 1211 2778 ᾗ

162 2815 207 2858 est.
232 2803 287 2853 Cic.
311 2788 637 2870 ad'Famil.16,11‚4.
665 2807 768 2873 etipse
786 2804 898 2869 Caesar,
914 2808 1019 2858 amicus
1035 2820 1138 2873 noster,

160 2891 276 2943 minaces
292 2887 330 2939 ad
345 2899 472 2939 senatum
486 2901 513 2942 et
527 2888 640 2944 acerbas
657 2884 765 2941 litteras
780 2892 910 2943 miserat:
926 2901 954 2944 et
971 2902 1032 2944 erat
1047 2892 1139 2944 addae
1183 2936 1188 2969 ἑ

161 2973 325 3044 impudens,
346 2974 393 3045 qui
409 2978 558 3028 exercitum
577 2987 605 3029 et
617 2974 791 3048 provinciam
805 2975 895 3026 invito
911 2986 1010 3028 senato
1025 2986 1139 3031 teneret.

159 3058 310 3111 Gronovius
336 3060 483 3111 emendavit
503 3060 542 3113 ad
569 3060 629 3123 lroc,
658 3059 794 3110 Schiitzius
818 3057 909 3130 ultro-p
938 3061 965 3110 si
992 3060 1049 3128 quis
1074 3079 1137 3112 vero

160 3163 218 3198 cum
236 3144 326 3193 Gortio
346 3143 524 3211 intellexerit,
546 3146 619 3213 quasi
637 3144 731 3194 Cicero
749 3142 886 3195 Gaesarem
898 3144 933 3194 ed
946 3145 1051 3195 saniora
1069 3164 1137 3197 con-

134 3251 140 3305 s
160 3231 220 3284 eilia
238 3229 385 3280 rediturum
397 3231 479 3282 fuisse
497 3239 643 3300 sperasset,
667 3227 798 3296 explicare
817 3222 1007 3297 nonflpoterit,
1026 3245 1072 3281 cur
1084 3232 1137 3281 ad—

139 3319 216 3369 'dita
240 3314 295 3364 sint
316 3315 368 3364 ista
393 3317 486 3368 verba:
514 3320 561 3384 qui
584 3342 618 3354 -
644 3323 757 3365 teneret.
797 3315 892 3363 Sensus
911 3331 973 3365 vero
987 3316 1137 3378 verborum,

159 3418 226 3472 qnae
246 3416 301 3448 non
319 3417 434 3450 caussam
448 3400 576 3451 minarum
586 3435 594 3464 ‚
623 3397 669 3449 sed
686 3415 774 3448 earum
796 3409 976 3466 argumentum
991 3401 1137 3461 continent,

155 3490 200 3540 hic
212 3496 267 3537 est:
287 3492 314 3533 et
328 3495 387 3534 erat
403 3496 509 3539 eatenus
526 3473 670 3553 impudens,
687 3493 813 3551 quatenus
830 3485 974 3536 exercitum
989 3484 1072 3534 invito
1090 3501 1135 3534 se-

157 3583 221 3625 natu
238 3569 354 3620 tenebat·
1149 3572 1153 3577 ’

172 3662 204 3746 3.
236 3676 301 3741 Sed
322 3688 361 3740 ut
382 3678 418 3741 in
435 3675 588 3765 plurimis
605 3673 702 3740 ineius
722 3677 851 3764 generis
870 3672 1059 3749 vocabulis,
1089 3672 1136 3737 ita

109 3766 256 3858 inprimis
272 3763 308 3825 in
325 3781 444 3828 ADch
458 3781 520 3826 usu
535 3761 662 3826 factum
679 3772 739 3843 cst,
757 3772 796 3826 ut
812 3786 830 3826 a
851 3762 918 3825 loci
934 3757 1136 3845 designatio-

109 3879 131 3920 ‚e
154 3849 390 3917 transferretur
414 3849 509 3915 notio
539 3848 580 3912 ad
609 3857 755 3934 tempus.
797 3849 904 3932 Atque
928 3843 962 3906 id
985 3843 1136 3930 primum

109 3948 227 4028 pparet
242 3939 283 4001 in
309 3936 489 4018 praesentis
507 3933 667 4021 temporis
681 3934 849 4012 termine,
883 3939 1054 4015 quousque
1073 3927 1136 3992 ali-

110 4049 154 4090 ua
168 4047 219 4090 res
234 4019 441 4110 pertinuerit,
463 4019 652 4083 indicando.
696 4017 767 4082 Nos
790 4015 840 4079 bis
853 4013 947 4095 ietzt.
988 4018 1017 4077 A
1032 4034 1136 4079 vocn-

109 4106 168 4177 'ulo
191 4112 392 4178 etiamnunc
409 4105 613 4199 99....‘1¹11dt‡1,1
635 4098 1004 4188 differr'auuttffiuod
1017 4098 1054 4163 in
1067 4098 1135 4165 hoc
