2618 4770
87 2328 95 2339 .
208 2268 334 2336 lestiam
361 2275 416 2332 aut
444 2261 586 2329 taedium
616 2260 802 2342 sensissem,
831 2260 1012 2328 dulcissima
1039 2262 1087 2327 tui
1108 2260 1256 2347 nomin.
1289 2284 1299 2333 t

195 350 234 401 tv

199 482 364 578 praeditus
384 486 469 558 erat,
490 482 525 541 ut
545 492 597 539 me
611 472 756 559 quotidie
772 472 871 543 debiti
887 477 951 544 mei
975 477 1182 561 admoneret,
1202 438 1295 546 st-*l

201 637 265 704 que
286 610 452 680 molestam
475 599 720 669 sollicitudinem
739 598 816 670 mihi
837 601 1000 674 excitaret.
1043 608 1150 676 Nemo
1166 606 1251 673 enim
1282 618 1295 699 ·{

201 751 270 825 est,
301 739 353 806 cui
379 745 444 800 tam
474 729 575 795 multa
598 751 695 816 quam
720 731 778 798 tibi
800 732 952 815 debeam,
982 758 1096 815 nemo,
1123 734 1176 800 cui
1198 732 1250 800 uni

203 869 308 960 ΠΨ
321 863 450 953 l’lacere
466 856 609 946 ⁰⁰Plffi¹¹²
631 879 726 925 nemo
748 871 855 926 autem
875 870 942 943 est,
963 861 1016 928 cni
1030 861 1193 929 difficilius
1213 860 1250 929 sit
1290 888 1296 929 ι

204 993 406 1068 satisfacere,
431 997 487 1053 aut
501 985 621 1051 offerre
641 986 777 1073 aliquid,
799 987 886 1075 quod
903 988 974 1078 ipse
999 1011 1064 1055 non
1078 989 1141 1054 iam
1164 1010 1250 1055 com·-
1292 982 1296 1021 ⁵

202 1128 349 1214 paratum
365 1116 491 1182 habeat.
534 1112 608 1180 Hac
632 1112 830 1180 dubitatione
851 1114 927 1181 dum
950 1115 1091 1195 haesito,
1111 1115 1144 1179 id
1164 1118 1257 1181 eerte'
1291 1150 1295 1159 ·

202 1244 363 1340 praevidi,
385 1240 445 1307 nisi
464 1249 560 1330 grato
586 1240 692 1307 auimo
708 1241 781 1331 plus
799 1262 895 1329 quom
915 1241 1037 1331 ingenii
1054 1241 1173 1308 viribus
1196 1241 1251 1308 tri·

203 1377 356 1452 buerem,
378 1352 479 1458 atque'
493 1367 646 1435 auderem
661 1367 798 1456 aliquid,
817 1390 989 1456 numquam
1005 1395 1058 1437 me
1076 1370 1134 1436 has
1155 1344 1252 1436 officii
1287 1414 1297 1469 Ε

203 1502 269 1571 mei
293 1509 401 1590 partes
423 1519 496 1563 esse
522 1496 735 1586 impletumm.
777 1497 828 1563 Ita
848 1495 969 1562 factum
992 1506 1057 1578 est,
1077 1506 1131 1578 ut,
1154 1517 1252 1584 quum
1278 1490 1297 1553 ἲ

204 1630 238 1697 iu
261 1629 326 1697 hoc
349 1627 430 1693 libro
454 1624 496 1692 de
517 1623 681 1715 particulis
704 1623 938 1691 conscribendo
961 1625 1157 1711 laborarem,
1179 1646 1252 1693 eum

205 1758 282 1840 tibi,
301 1766 463 1842 tamquam
486 1752 613 1841 pietatis
637 1773 731 1817 meae
752 1751 884 1838 aliquod
904 1751 1146 1833 documentum,
1180 1752 1251 1823 ntit-
1287 1834 1298 1855 .

207 1896 278 1954 ter'e
303 1881 539 1951 constituerem.
590 1878 663 1952 Quo
686 1878 819 1945 oonsilio
847 1900 912 1947 non
935 1879 1033 1948 modo
1056 1879 1252 1949 sollicitantis
1267 1894 1281 1971 Ι-’

208 2012 305 2083 animi
328 2011 482 2098 impetum
497 2004 698 2093 compescui,
720 2004 778 2071 sed
799 2005 918 2096 duplex
938 2007 1015 2073 mihi
1034 2007 1144 2096 paravi
1164 2008 1254 2076 auxi·
1292 1978 1298 2013 ³

188 2153 191 2161 '
208 2141 286 2208 lium
298 2130 435 2213 labdris,
454 2143 486 2201 et
499 2141 537 2237 ut
550 2131 583 2197 in
597 2132 661 2199 hoo
677 2131 825 2200 diuturno
840 2135 985 2224 negotio,
999 2135 1026 2200 si
1040 2135 1167 2221 quando
1184 2160 1254 2204 mo·
1276 2136 1299 2281 ἒ

211 2398 264 2465 cui
282 2397 365 2462 haee
388 2390 584 2470 scribebam,
610 2389 765 2455 memoria
781 2410 964 2469 recrearer,
989 2396 1023 2456 et
1045 2398 1098 2469 ut,
1124 2390 1151 2455 si
1171 2390 1255 2457 dilli-

211 2524 330 2593 cultate
344 2544 383 2588 ac
396 2518 491 2608 copie
503 2538 611 2585 rerum
632 2540 685 2585 me
707 2542 791 2607 pene
809 2540 998 2606 oppressum
1012 2515 1178 2600 vidissem,
1199 2519 1258 2587 bn-
1285 2548 1290 2557 ·

210 2655 339 2730 berem,
366 2648 457 2715 cuius
484 2647 528 2714 ad
560 2646 732 2736 egregium
758 2647 938 2734 exemplum
962 2643 1173 2732 suspicerem,
1202 2659 1261 2716 aut

214 2780 305 2849 ouius
318 2776 438 2844 monita
455 2783 488 2841 et
510 2784 684 2863 praecepta
697 2796 751 2840 me
765 2772 799 2839 in
812 2772 895 2838 viam
915 2771 1020 2861 magis
1039 2783 1183 2861 apertam
1205 2797 1260 2844 re-

214 2907 379 2974 ducerent
435 2904 509 2969 Hac
532 2902 728 2990 cogitatione
748 2899 924 2967 institutum
943 2908 978 2967 et
1000 2900 1182 2969 confectum
1208 2912 1284 2985 eat·

213 3035 278 3103 boc
306 3030 512 3122 opusculum,
540 3030 629 3096 cuius
653 3028 787 3118 primam
816 3037 941 3117 partem
962 3050 1048 3096 nuuc
1074 3027 1132 3095 tibi
1152 3027 1260 3098 trado.

214 3162 271 3228 'l'u
284 3181 361 3227 vero
377 3157 419 3224 ad
433 3158 628 3223 voluntatem
645 3155 749 3244 magis
761 3155 903 3244 respice,
924 3155 1077 3245 quemad
1097 3179 1152 3237 ea,
1173 3180 1261 3244 quae

176 3366 180 3373 Ι
215 3285 435 3378 ipseperfeoi:
457 3284 511 3350 illa
531 3285 558 3350 si
573 3281 629 3351 tibi
644 3283 818 3372 placuerit,
840 3284 997 3353 etiamad
1019 3283 1100 3351 haec
1122 3284 1262 3353 sortasse

216 3413 335 3505 aliquid
354 3410 546 3480 redundabit
560 3409 819 3493 benevolentiae,
846 3436 928 3502 qua,
953 3435 1036 3501 quae
1059 3410 1261 3498 displiceant,-

218 3554 275 3611 aut
295 3548 504 3618 excusentur,
521 3546 576 3603 aut
591 3537 821 3606 condonentur.
853 3541 953 3607 Modo
971 3563 1040 3619 me,
1059 3560 1155 3626 quem
1175 3563 1261 3608 sem-

217 3693 277 3762 per
293 3667 448 3759 singulari
461 3686 571 3767 amore
584 3665 747 3761 amplexus
764 3689 815 3746 es,
835 3676 891 3734 tua
911 3665 1076 3754 discipline
1088 3687 1154 3731 non
1166 3689 1262 3755 pror-
1300 3750 1302 3755 Ι

218 3822 273 3868 sus
295 3796 462 3886 indignum
482 3815 623 3859 censeas.
664 3795 768 3881 Atque
797 3794 913 3860 iubae
940 3814 1005 3858 non
1031 3801 1152 3860 tantum
1176 3793 1262 3878 libri,

219 3925 278 3996 sed
299 3923 397 3994 totius
414 3919 510 3988 animi
522 3919 724 3988 dedicatione
743 3922 948 4011 acquiescere
969 3943 1116 4010 possem,
1138 3931 1263 4013 tuoque

217 4054 355 4136 iudicio,
379 4048 432 4120 oui
451 4047 538 4116 nulla
553 4046 718 4138 iniquitas,
740 4050 827 4119 nulla
846 4047 965 4120 invidia
985 4050 1079 4120 insita
1101 4061 1167 4135 est,
1187 4054 1262 4122 reli·
