2618 4770
654 287 808 372 trove

175 436 180 445 ”
274 442 331 509 do,
346 461 470 516 quaeque
488 442 609 498 maxime
626 454 753 515 spectare
776 442 906 499 solemus.
929 443 948 497 i.
968 461 992 495 1.
1010 461 1069 498 nun
1090 456 1164 519 gut,
1188 462 1252 500 wear

274 544 308 582 50
325 524 454 603 gefdilig
471 533 526 595 ist,
550 529 612 584 will
632 528 675 583 ich
689 528 839 585 rrunauber
855 528 926 584 aucis
947 526 1079 584 dartbun.
1113 532 1203 583 Etiam
1222 542 1252 583 ut.

276 634 330 689 que
346 616 399 668 dici
416 628 529 684 poterat.
563 617 657 666 Horat.
682 615 765 683 Epist.
784 615 818 680 1,
835 615 869 678 2,
889 613 932 668 38.
950 615 1049 690 atqui,
1064 603 1104 668 =si
1122 613 1206 667 noles
1220 633 1251 666 sa·

275 719 337 765 nus,
356 718 446 754 curres
463 699 645 771 hydropicus.
663 700 730 752 bene
747 701 827 753 vertit
844 702 953 755 Vossius
971 698 1051 752 wohl
1068 699 1155 764 deun,
1178 699 1252 754 witta

276 787 314 840 du
327 785 435 858 gesund
453 783 529 836 nicbt
547 781 656 854 lausen.

317 890 372 942 Cic.
391 889 424 940 de
441 891 506 959 Leg.
522 890 559 951 1,
579 889 629 952 15,
647 885 691 943 43.
709 894 789 961 atqui
799 929 807 956 ‚
832 893 858 945 si
874 900 977 942 natura
996 884 1205 958 confirmatura
1222 891 1254 942 iat

277 992 335 1027 non
359 976 430 1036 erit,
453 977 572 1026 virtutes
599 991 695 1027 omnes
714 973 858 1027 tollentur.
893 976 945 1026 Sed
966 991 1045 1043 quum
1065 975 1095 1024 io
1112 973 1157 1026 his
1175 984 1255 1043 pergat

275 1077 329 1112 una
351 1059 560 1125 argumentatio,
596 1061 811 1129 cohaereantque
836 1059 972 1128 superiora
996 1062 1022 1112 11
1046 1077 1139 1130 neque
1165 1069 1256 1111 natura

195 1141 199 1151 ³
272 1154 332 1208 ost,
349 1160 404 1194 non
425 1143 598 1195 dubitabimus
616 1145 739 1197 assentiri
757 1145 921 1210 Goerenzio,
940 1144 986 1212 qui
1003 1140 1124 1200 correxit
1147 1154 1236 1216 atque.

202 1251 203 1255 ’
293 1250 344 1310 10.
375 1247 577 1311 Goerenzius
595 1248 721 1339 adCie.
740 1247 780 1312 de
795 1247 865 1311 Fin.
881 1248 922 1326 5,
945 1251 1004 1326 152,
1028 1251 1082 1310 36.
1103 1267 1256 1331 „respon-

207 1328 282 1412 det,
303 1333 431 1418 inquit,
458 1334 554 1423 otqni
572 1342 689 1397 nostro
706 1357 777 1397 nun
794 1331 895 1407 oder,
918 1341 950 1394 et
965 1330 1049 1395 solet
1066 1331 1256 1418 explicatio-

206 1436 287 1480 nem
303 1440 397 1505 saepe
412 1418 458 1482 sic
478 1419 623 1504 ingredi,
636 1430 674 1482 ut
713 1416 1025 1483 rimumsubaudiri
1039 1419 1161 1504 possit.
1185 1416 1257 1480 inde
1296 1482 1299 1495 ,

172 1562 179 1578 ,
207 1498 246 1564 fit
270 1503 387 1583 etiam,
427 1515 465 1568 ut
492 1528 563 1567 eam
593 1441 719 1569 dotarii
744 1505 908 1592 excipiat,
943 1503 1039 1589 quale
1071 1502 1258 1588 exemplum
1297 1510 1299 1525 '

206 1588 321 1688 paullo
339 1599 414 1654 ante
427 1588 530 1654 adfuit
549 1592 578 1679 ᾗ.
596 1594 648 1656 34.
666 1604 704 1656 ot
727 1591 764 1654 ni
775 1589 998 1676 perspicuum
1014 1600 1065 1652 est
1080 1626 1124 1638 —
1141 1587 1258 1652 deinde

207 1672 248 1736 cd
269 1698 396 1763 quoque
421 1675 604 1744 videmos.‘⁶'
646 1676 684 1740 [n
705 1614 757 1741 iiis
784 1675 952 1763 triplicem
977 1674 1074 1738 video
1094 1695 1256 1738 errorem:

207 1780 288 1823 num
313 1760 511 1826 vocabulum
526 1761 698 1850 primum,
720 1760 811 1851 quod
839 1783 936 1849 saepe
961 1761 1128 1824 omittitur
1150 1769 1257 1848 postea

208 1858 366 1936 sequente
379 1846 482 1912 verbo
501 1847 644 1927 deinde,
668 1870 738 1911 non
760 1847 971 1925 cohaereret,
996 1846 1023 1909 si
1038 1848 1192 1932 positum
1212 1869 1258 1909 es·

107 2004 112 2014 Ι
208 1941 276 2014 set,
300 1954 376 1996 cum
393 1955 464 1997 voc.
483 1933 589 2024 utqui.
632 1933 722 1996 Tum
738 1934 834 2020 atqni
849 1955 919 1996 non
941 1931 981 1998 ab
1005 1931 1100 1995 initio
1119 1931 1259 2018 explica·

207 2017 308 2080 tionis
330 2018 469 2106 ponitur
491 2019 592 2105 ipsius
617 2019 783 2105 ingressus
806 2041 935 2099 caussa,
968 2017 1059 2103 quod
1085 2018 1259 2104 proprium

209 2113 259 2166 est
276 2104 455 2200 particulae
472 2116 582 2194 atquc.
604 2105 669 2170 vid.
687 2127 722 2194 p.
740 2107 814 2169 497.
835 2128 838 2136 ¹
858 2104 1008 2189 Denique
1022 2103 1058 2166 in
1074 2102 1152 2167 loco
1170 2105 1258 2167 Cice·

207 2209 304 2253 roms
319 2212 389 2256 non
404 2184 490 2254 verti
502 2201 614 2288 potest
628 2213 700 2254 nnn
717 2188 816 2272 uber,
839 2211 943 2284 quum
959 2190 1117 2275 proxime
1134 2199 1258 2252 antece·
1279 2184 1284 2198 ’

210 2272 291 2337 dens
315 2275 387 2338 iam
408 2297 484 2339 vero
505 2276 595 2340 idem
610 2273 788 2361 significet,
810 2296 917 2361 neque
933 2275 1098 2362 expositio
1115 2277 1166 2338 rei
1183 2274 1258 2338 inci-

208 2359 279 2446 piat
296 2359 436 2424 averbis
453 2362 549 2446 1191ιὶ
573 2363 610 2426 in
634 2360 785 2427 sensibus
809 2373 858 2426 est
874 2384 939 2424 sno
964 2361 1123 2447 cuiusque
1148 2360 1257 2424 uirtus.

210 2443 437 2530 Opponuntur
466 2447 566 2511 verba
596 2459 646 2512 est
678 2449 783 2512 virtus
808 2456 840 2510 et
866 2436 1167 2510 cniusdom‘moaii
1195 2466 1257 2510 esse

209 2526 317 2592 debet.
359 2529 463 2614 Igitur
479 2534 575 2619 atqui
593 2532 755 2622 significat
772 2532 935 2619 dogcgen
949 2531 1117 2598 wz'rklicli.
1158 2530 1196 2594 In
1212 2529 1256 2594 al-

208 2622 281 2677 tero
306 2614 384 2680 loco
411 2622 470 2692 12,
494 2622 547 2682 34.
574 2629 630 2682 aut
651 2619 751 2684 verba
775 2618 967 2704 quaerimus·
992 2626 1025 2680 et
1041 2618 1256 2702 perspicuum

164 2716 167 2723 ·
208 2711 260 2763 est
275 2722 318 2765 ex
334 2702 469 2768 adverso
484 2716 718 2791 opponuntur,
741 2714 796 2768 aut
813 2703 1023 2769 scribendum
1040 2712 1220 2790 astatque.

222 2824 225 2828 ‘
291 2819 333 2888 ΙΙ.
373 2827 403 2889 1.
425 2823 563 2887 Ponitur
581 2825 677 2912 atqui
693 2825 828 2912 proprie
844 2832 921 2909 post
937 2822 1148 2903 sententiam,
1165 2844 1260 2908 quam,

176 2917 179 2924 '
208 2928 400 2972 concessam
417 2919 471 2973 aut
494 2909 666 2976 remissam
683 2915 911 2995 agnoscimus,
933 2918 988 2971 aut
1013 2931 1135 2994 negare
1163 2908 1256 2972 nolu·

111 3023 114 3028 v
206 3013 302 3074 mus,
335 3005 372 3056 ut
400 2994 529 3058 alterius
551 2997 598 3060 rei
627 2997 797 3061 veritatem
818 2993 1091 3080 comprobemus,
1121 3015 1255 3079 eumque

207 3099 278 3140 non
296 3080 406 3146 minus
427 3080 477 3144 vel
491 3082 595 3166 magis
613 3081 694 3144 adeo
712 3080 819 3145 valere
834 3080 1113 3144 demonstremus.
1152 3080 1255 3158 Quare

147 3164 150 3167 ’
207 3165 360 3248 proxime
385 3166 510 3228 accedit
534 3167 575 3229 ad
598 3178 636 3230 ot
659 3178 793 3246 tamen,
820 3165 878 3229 sed
904 3167 971 3229 vim
1000 3163 1255 3229 confirmationis

166 3265 168 3269 ⁴
206 3251 379 3337 propriam
402 3250 501 3315 habet
528 3253 564 3315 in
589 3253 664 3340 qari,
695 3273 761 3323 ‚nec
785 3261 894 3337 potest
918 3250 1116 3339 praecedere
1140 3273 1256 3338 quom·
1288 3285 1290 3289 ·

208 3356 323 3419 qinom,
341 3357 402 3398 nec
417 3335 563 3422 quidem.
591 3335 593 3340 ¹
608 3336 714 3402 Reddi
732 3347 844 3422 potest
861 3359 921 3423 per
941 3339 992 3400 καί
1009 3361 1065 3419 τοι,
1078 3332 1258 3422 gleichwoi

207 3418 307 3500 ebera,
333 3419 495 3506 dogegen
510 3422 688 3488 oielmelzr:
711 3423 819 3486 nolim
837 3433 948 3487 tamen
973 3444 1050 3485 cum
1073 3422 1145 3487 aliis
1170 3421 1257 3486 adhi-

26 3512 29 3521 ’
127 3554 135 3559 ,
207 3501 287 3569 bere
292 3501 445 3591 freilicb.
481 3507 627 3596 'Negatio
644 3509 841 3596 plerumque
858 3519 914 3574 aut
929 3508 1095 3596 praecedit
1102 3554 1113 3591 ,
1140 3519 1197 3572 aut
1210 3508 1258 3571 in·

113 3662 115 3666 ¹
207 3588 369 3676 telligitur
390 3602 494 3656 antea.
1027 3613 1030 3617 “

243 3752 247 3757 .
309 3711 417 3763 Terent.
437 3713 517 3767 Phor.
536 3713 569 3776 l,
586 3712 619 3776 4,
638 3713 681 3766 26.
705 3720 736 3770 A.
756 3735 812 3770 non
840 3734 902 3769 sum
928 3713 1008 3786 apud
1032 3730 1083 3771 me.
1122 3716 1156 3765 G.
1187 3715 1261 3787 utqui

277 3813 349 3865 opus
368 3808 410 3850 est
428 3818 500 3850 nane
516 3816 600 3870 qrrum
621 3805 743 3857 niaxime
761 3814 792 3854 nt
817 3806 871 3867 111,
892 3800 1031 3872 Antipho.
1064 3803 1261 3868 Sueton.Vesp.

186 3905 191 3910 ·
276 3879 318 3933 23.
338 3884 485 3952 pecuniam
503 3903 538 3937 ex
554 3889 648 3956 prima
673 3892 808 3957 pensione
833 3888 962 3951 adnaooit
986 3886 1024 3940 ad
1049 3904 1150 3951 nares,
1176 3885 1263 3940 scisci·

278 3967 541 4027 tans,'num,odore
558 3969 758 4042 offenderetur.
793 3971 836 4025 Et
860 3973 912 4026 itlo
939 3982 1074 4044 negante,
1101 3974 1204 4043 utqui,
1229 3974 1266 4025 in·

277 4051 354 4121 ‘tuiis
374 4049 476 4104 810110
496 4064 555 4107 est:
575 4057 593 4106 ἱ.
612 4075 638 4125 q.
657 4056 810 4128 gleiclrwol
828 4055 904 4112 eben.
941 4058 994 4110 Cic.
1022 4057 1056 4108 ad
1080 4060 1137 4107 Att.
1155 4056 1191 4121 8,
1209 4054 1265 4109 3.b

231 4153 347 4224 ⁴..tems
368 4138 478 4207 inquis,
497 4126 645 4211 difficilem
665 4152 691 4196 et
713 4141 952 4215 inexplicabilem.
982 4144 1074 4217 Atqui
1093 4139 1268 4213 explicanda

219 4253 382 4329 ,b-
