2618 4770
144 302 209 368 aaa
586 294 717 401 anuo.

219 461 340 529 Munatio
353 453 446 516 edidit,
457 453 550 523 scripti
567 451 633 507 libri
646 466 733 511 satem
748 470 839 529 omnes
854 457 1024 515 consentiunt
1039 462 1071 513 in
1087 477 1113 516 r.
1123 457 1197 533 ideo)

130 608 132 615 J
219 543 292 600 adso
311 541 437 595 cohaeret
454 554 513 590 cam
527 540 684 608 pronomine
702 538 765 596 hoo·

231 650 289 731 6Ἶ
310 632 406 709 Hanc
436 660 517 708 vero
550 641 749 706 intensivam
782 642 852 708 viin
883 646 984 715 otiam
1014 646 1051 711 in
1083 670 1125 713 eo
1190 636 1196 643 ’

148 752 319 821 agnosco,
344 747 413 813 quo
428 742 523 792 antro
541 747 619 791 cum
635 727 835 814 imperativo
853 731 1079 820 coniungimur,
1096 743 1129 797 et

148 811 350 885 hortationis
376 820 579 900 potestatem
603 823 711 898 auget.
754 813 872 901 Neque
897 816 991 882 aliter
1009 818 1045 882 in
1064 818 1174 901 cons'

147 896 399 969 confirmando:
420 894 479 960 ubi
490 896 649 961 Germani
663 906 803 963 utuntur
820 898 985 967 vocabulo
999 925 1050 967 so.

86 1002 91 1012 ¹
162 1090 167 1097 .
231 1007 357 1075 'Terent
375 1017 457 1071 Andr.
475 1013 515 1083 4,
532 1013 570 1082 4,
586 1018 630 1070 2⁰.
647 1036 770 1090 propera
786 1016 857 1074 adeo
878 1038 995 1092 puerum
1020 1022 1120 1099 tollere
1137 1022 1189 1083 ita

215 1106 253 1164 ab
275 1109 373 1165 ianua,
405 1101 440 1153 ad
469 1120 545 1172 qoem
567 1103 655 1155 locum
673 1102 829 1157 Boeclema:
853 1105 907 1173 „ad
923 1109 1042 1175 urgentia
1068 1110 1188 1163 νὶιιιωι-

216 1195 305 1263 gruis,
333 1200 361 1241 et
375 1204 476 1242 moram
494 1185 557 1242 tolli
571 1189 655 1242 rult.“
690 1190 733 1240 Ite·
745 1188 843 1243 Graeci
856 1209 969 1262 quoque.
992 1195 1117 1264 Sophocl.
1132 1178 1190 1249 Pttt'

216 1277 296 1331 1008.
320 1268 468 1342 ξυλλάβετὲ
483 1264 606 1341 y'ocairc‘a.
632 1276 795 1325 burmannus
813 1274 848 1326 ad
862 1275 951 1330 valer.
966 1279 1008 1332 Fl.
1021 1281 1055 1349 5·,
1073 1282 1133 1337 396.
1143 1284 1193 1337 tri--

163 1374 165 1379 ·
216 1365 274 1421 buit
304 1360 450 1431 particulae
483 1356 702 1428 significationem
727 1360 882 1412 celeritatis.
916 1365 951 1414 At
976 1364 1006 1415 in
1029 1367 1073 1418 his
1098 1364 1198 1421 rerlist'

218 1449 271 1503 hoc
288 1444 359 1501 rideo
377 1444 446 1499 duce
460 1437 542 1515 serto
561 1442 676 1517 gradus.
701 1442 827 1498 adhaeret
846 1448 976 1516 particula
991 1440 1150 1518 pronomini.
1180 1474 1183 1479 ·

164 1534 168 1543 ¹
247 1552 355 1603 Terent.
371 1548 465 1602 Heaut.
481 1546 515 1615 1,
535 1546 560 1611 1,
581 1546 639 1599 120.
657 1557 769 1618 egomet
786 1542 920 1606 conuiuas
939 1542 1040 1608 mo'ror.
1064 1553 1110 1611 ibo
1124 1554 1216 1647 adeso!

214 1637 280 1692 irinc
293 1635 378 1688 intro.
395 1643 470 1687 verte
488 1632 570 1686 haec:
590 1648 624 1690 so
638 1630 699 1686 will
712 1632 756 1687 icis
773 1633 847 1688 deun
863 1634 924 1693 hier
939 1636 1131 1710 hissingehen.
1193 1650 1216 1695 't

228 1745 263 1805 7.
307 1737 460 1834 Denique
476 1735 613 1801 inservit
633 1736 796 1821 particula
813 1730 1017 1823 narrationi,
1050 1738 1216 1811 certain·

144 1826 287 1913 antiquis
320 1823 473 1901 comicis,
505 1821 564 1884 ubi
589 1820 697 1906 aliqua
721 1844 865 1908 persona
892 1824 944 1890 vel
964 1848 1027 1907 res,
1064 1827 1133 1893 aliia
1148 1844 1197 1895 m

144 1916 282 1980 adverso
308 1908 479 1994 apposita,
503 1906 677 1992 insigniter
718 1918 768 1974 est
781 1936 783 1940 ·
797 1908 1065 1978 demonstranda.
1108 1904 1200 1981 Ver-³.¹

143 2001 247 2078 hum,
279 2014 346 2079 quo
370 1991 456 2054 hanc
479 1991 548 2054 vim
564 1990 748 2078 exprimat,
778 2005 895 2058 nostra
915 1995 1028 2094 lingua
1042 2021 1114 2065 non
1126 1998 1199 2065 lta-a·

143 2085 221 2165 bet,
251 2079 308 2142 sed
328 2077 406 2141 huic
429 2076 573 2140 defectui
596 2079 760 2141 succurrit
777 2079 993 2144 voculatioms
1008 2083 1179 2150 intentione

141 2180 178 2232 ct
193 2172 347 2231 accentus
377 2162 441 2226 nisi
455 2162 689 2226 substituamus
707 2159 906 2241 vocabulum
929 2165 1010 2231 alius
1028 2170 1179 2267 significa·

140 2252 261 2331 tionis,
298 2247 398 2314 voluti
418 2247 556 2328 jedoclc,
594 2246 768 2335 dogegen.
811 2249 856 2314 Et
881 2250 1011 2317 videtur
1033 2253 1088 2320 hic
1111 2276 1176 2321 tuus

36 2364 39 2372 ·
140 2336 281 2428 proprie
298 2335 463 2421 pertinere
480 2334 520 2397 ad
535 2355 727 2420 pronomen
743 2334 1052 2427 demonstraturum.

243 2456 327 2509 Plaut.
344 2454 438 2524 Amph.
453 2453 486 2518 1,
502 2453 536 2517 2,
556 2452 582 2504 4.
602 2456 662 2508 ianr
678 2451 729 2509 ille
748 2454 896 2510 aditorum
911 2476 994 2528 quom
1008 2459 1176 2539 Anaplaitrto·

92 2583 95 2589 .
207 2561 271 2597 nem
294 2540 454 2600 advenerit,
478 2537 605 2594 narrabit
627 2558 735 2593 servom
751 2538 816 2595 ltine
836 2559 896 2597 sese
910 2539 1059 2613 osoribus
1079 2548 1176 2602 Sosiam

204 2628 360 2682 amovisse.-
384 2623 435 2680 ille
456 2622 529 2679 adeo
544 2623 626 2678 iilum
650 2628 762 2681 mentiri
782 2624 836 2681 sibi
852 2628 951 2683 credet.
970 2632 1054 2685 Merc.
1069 2632 1103 2698 2,
1122 2630 1175 2698 1,·8.

207 2711 341 2785 (capram)
360 2710 501 2781 posterius
528 2727 611 2781 quam
638 2720 774 2764 mercatus
784 2708 913 2782 fueram,
931 2716 1009 2768 visus
1024 2732 1085 2769 suna
1100 2719 1128 2770 in
1138 2735 1175 2769 cu·

205 2797 332 2852 stodiam
350 2813 412 2850 eam
437 2796 536 2847 sintice
562 2793 743 2847 concredere:
768 2815 802 2849 ea
825 2799 909 2852 simia
933 2798 1005 2852 adeo
1024 2812 1095 2872 post
1111 2799 1175 2855 taut

162 2868 167 2877 ¹
205 2881 301 2938 rtrulto
319 2879 531 2940 admoverit,
562 2879 637 2932 male
654 2879 723 2934 nribi
738 2891 868 2951 precatur
885 2880 1008 2954 etfacit
1023 2889 1175 2942 convicium.

204 2971 249 3021 Ita
275 2969 390 3019 fortasse
418 2964 554 3032 antiquam
576 2964 720 3015 dictionem
732 2965 1002 3033 imitatuspMinucius
1022 2971 1080 3024 Fcl.
1096 2974 1175 3025 Octar.

94 3045 96 3050 ’
143 3097 145 3102 .
204 3052 292 3118 6,10.
311 3051 430 3120 scripsit:
457 3045 557 3100 nimbis
571 3047 791 3116 collidentibus,
809 3051 934 3104 tonitrua
951 3057 1176 3127 mugire,ratila·
1210 3048 1213 3053 ¹

204 3155 234 3188 re
250 3129 395 3207 fulgura,
415 3130 547 3203 fulmina
573 3137 763 3202 praemicare-⁰
789 3155 823 3188 ea
850 3135 922 3189 adeo
947 3144 1055 3209 passim
1073 3143 1176 3206 cadunt,

161 3213 164 3222 ¹
201 3230 321 3274 montes,
336 3216 460 3279 irruunt,
495 3214 640 3272 arboribus
665 3222 814 3273 incurrunt.
834 3222 935 3290 ‘Vulgo
958 3224 1124 3282 desideratur
1140 3249 1175 3295 ea,

200 3305 274 3375 quod
292 3303 371 3356 facile
386 3312 493 3373 poterat
509 3318 526 3354 a
545 3302 662 3356 librariis
680 3305 777 3360 omitti.

168 3430 176 3453 ⁸
202 3409 246 3471 .8.
291 3405 332 3471 In
364 3405 417 3469 his
445 3404 601 3471 omnibus
627 3416 737 3471 autem
759 3407 883 3496 triplex
906 3419 956 3473 est
982 3408 1175 3481 observatio.

126 3491 281 3571 Primum
307 3491 397 3555 enim
418 3492 653 3578 exemplorum
674 3492 820 3580 plurima
836 3493 1049 3560 inveniuntur
1064 3499 1101 3563 in
1120 3523 1175 3564 co-

125 3579 297 3657 micorum
319 3573 475 3641 familiari
492 3600 646 3641 sermone
663 3588 695 3641 et
709 3578 745 3641 in
760 3579 879 3665 poetis.
925 3581 1086 3647 Oratores
1103 3596 1177 3648 tan-

125 3673 205 3739 tum
219 3663 254 3727 in
271 3661 530 3760 pronominibus
547 3662 636 3726 hunc
650 3684 748 3731 usum
764 3675 944 3728 servarunt.
989 3667 1081 3732 Tum
1096 3692 1173 3734 vero

127 3749 286 3837 distingui
301 3738 399 3813 debet
412 3746 493 3810 haec
509 3747 699 3812 intendendi
716 3748 764 3812 vis
772 3796 783 3829 ,
813 3744 960 3815 incertis
977 3753 1174 3836 quibusdam
1199 3776 1204 3787 ’

124 3835 308 3898 verborum
323 3832 498 3921 generibus
516 3833 663 3916 admissa,
694 3834 734 3897 ab
750 3831 891 3921 vulgaris
908 3839 1072 3903 sermonis
1090 3863 1173 3905 oon-

123 3919 317 4003 suetudine,
340 3940 403 4006 qua
432 3917 627 4004 cuicumque
643 3919 822 3984 sententiae
844 3919 1005 4007 perhanc
1021 3926 1171 4010 particu-

121 4003 194 4080 lam
207 4006 317 4071 maior
340 4005 494 4072 accedere
509 4004 594 4067 solet
610 4005 670 4068 vis.
713 4004 819 4086 Nam,
842 4007 933 4091 quod
948 4006 1090 4094 denique
1105 4033 1171 4075 noa

121 4091 263 4158 tandum
286 4102 352 4173 est,
384 4087 545 4179 partienda
564 4089 602 4160 in
626 4110 684 4173 eo,
722 4110 822 4179 quem
836 4090 1081 4187 exposuimus,
1108 4117 1171 4162 usu
