2618 4770
612 309 682 374 arv.
719 338 721 345 ·
874 287 886 357 ἶ
1092 289 1158 381 297

109 455 126 546 ἦ
148 463 406 553 interrogativa,
434 460 487 536 ita¹
501 462 590 550 apud
612 462 747 527 Latinos
776 482 909 561 quoque
941 488 990 530 an
1010 467 1157 538 interro·
1257 475 1259 479 ’

109 549 213 636 gandi
227 551 297 619 vim
312 550 456 619 nativam
472 548 640 623 interdum
655 548 694 612 in
714 547 942 620 disiunotrvam
960 549 1157 631 demutasse.

112 636 226 720 Quare
240 636 371 719 „nativa
381 681 394 717 ,A
414 634 541 719 iuquit,
562 631 625 703 tuit
639 643 676 717 ct
690 634 829 721 propria
846 635 983 701 voculae
1000 660 1048 705 un
1062 641 1158 706 notio
1200 660 1203 683 ²

111 712 214 805 haec,
239 742 322 808 qum
336 730 369 790 et
384 741 579 806 graecorum
596 718 776 790 verborum
799 715 842 800 πή
864 720 916 785 vel
938 720 1004 805 πώς
1029 724 1159 796 enctiu-
1186 722 1190 729 ’

115 807 177 889 eia,
200 806 440 902 responditque
455 807 579 873 nostris
598 803 741 900 irgend‚
763 815 863 869 elwa.
896 805 1021 872 Deinde
1035 818 1159 892 tamen,
1234 818 1241 831 ⁴

117 912 398 1006 quampracponr
414 901 532 977 coepta
548 886 648 970 esset,
669 911 760 969 eam,
776 911 858 976 quae
877 900 927 955 est
948 895 1070 977 graecis
1095 916 1159 965 vo·

117 976 196 1045 culis
218 988 342 1065 q-etq,
356 977 510 1064 ,accepit,
539 975 721 1061 eodemque
740 974 845 1046 modo
867 976 903 1047 in
924 976 1159 1066 interrogatio·

120 1060 211 1145 uibus
242 1061 433 1140 adhibetur,
472 1060 752 1147 quemadmodum
783 1061 1028 1135 Germanorum
1058 1075 1160 1130 etwu.

123 1148 193 1235 lim
205 1157 316 1224 tamen
332 1147 559 1217 disiunctivam
577 1168 648 1216 non
672 1145 787 1216 habuit
810 1168 873 1232 pro
900 1147 1002 1229 riam,
1030 1148 1088 1213 sad
1108 1172 1161 1214 res

122 1231 188 1320 ipsa
204 1232 299 1306 aliter
312 1231 399 1305 ferre
416 1254 487 1302 non
510 1232 639 1319 potuit,
664 1251 763 1316 quam
779 1241 833 1312 ut,
851 1171 910 1296 'udi
926 1232 1160 1319 inter-rogando
1239 1296 1241 1301 ,

113 1319 276 1414 :quaedam
308 1316 379 1382 sibi
396 1312 647 1408 opponerentur
671 1325 918 1404 ponereturque
941 1342 1006 1391 aa,
1036 1320 1070 1384 id
1093 1321 1176 1394 vim

125 1404 339 1493 ,appositivam
357 1403 581 1468 adscisceret.“
603 1403 711 1482 'Haeo
733 1424 852 1467 vereor
877 1426 919 1468 ne
945 1403 1098 1469 audacter
1121 1426 1164 1469 ex

124 1489 252 1573 mbitrio
270 1488 375 1574 magia
391 1489 579 1574 composita
595 1487 678 1567 sint,
701 1508 800 1575 quam
816 1510 891 1552 cum
911 1501 1061 1554 accurata
1077 1512 1162 1554 con-

123 1575 296 1642 suetudinis
319 1573 561 1650 observatione.
612 1573 700 1656 Nam?
725 1572 873 1659 primum
897 1574 1063 1639 enclitieus
1086 1597 1162 1640 usus

123 1658 360 1747 pcrticvdaeun
374 1659 468 1723 nullo
490 1657 731 1746 comprobatur
748 1656 966 1726 documento:
993 1669 1065 1731 tum
1081 1683 1164 1725 nus-

116 1766 218 1830 quam
233 1747 372 1833 ponitur
388 1768 436 1809 on
454 1745 488 1808 in
512 1744 791 1830 interrogatione,
824 1745 886 1808 nisi
906 1745 964 1811 ubi
988 1745 1163 1809 disiunctio

122 1841 172 1896 aut
193 1831 300 1897 verbis
327 1853 367 1896 ex
393 1853 480 1894 ressa
505 1840 560 1896 aut
585 1829 784 1916 cogitatione
806 1840 905 1895 certe
920 1841 1081 1917 concepta
1103 1841 1163 1894 est.
1245 1890 1247 1895 .

119 1916 293 1999 Quereris
309 1854 780 2006 parlieulaadisiunetivanon
805 1917 938 1980 accessit
962 1938 1002 1979 ex
1025 1919 1165 2003 opposi-
1223 1948 1225 1953 .

115 2002 209 2068 tione
225 2000 365 2072 duarum
380 2024 511 2083 rerum,
524 2002 592 2065 sed
608 2000 673 2099 ipsi
691 2001 802 2065 innata
818 2012 876 2075 cst.
921 2001 1070 2065 Tantum
1087 2015 1169 2066 vero·

113 2089 228 2169 abest,
249 2098 287 2155 ut
302 2110 379 2159 cum
393 2089 584 2158 Hermanno
602 2087 768 2167 dieamus,
786 2110 833 2150 an
852 2109 892 2150 ex
908 2097 1012 2151 avitae
1031 2097 1166 2151 contra-

112 2185 210 2239 ctum
225 2195 314 2250 csse,
337 2173 424 2237 utin
442 2171 493 2237 his
510 2170 678 2262 particulis
700 2171 883 2260 primitivas
899 2169 1025 2256 formas
1039 2171 1166 2235 intelli-

110 2280 252 2349 gamus,
276 2277 358 2348 quae
375 2280 479 2353 quum
495 2258 688 2330 notionibus
702 2258 767 2320 suis
784 2258 992 2344 propinquae
1008 2257 1070 2321 sibi
1088 2257 1165 2337 sint,

111 2346 218 2412 etiam
235 2344 376 2409 similem
396 2343 518 2408 habent
533 2345 690 2433 speciem,
708 2364 768 2407 nec
783 2346 915 2407 tantum
928 2343 961 2406 in
979 2340 1045 2407 uno
1061 2342 1165 2407 lutino

111 2428 291 2512 sermone,
322 2429 436 2495 sedin
461 2429 533 2494 aliis
577 2449 688 2520 uoque
713 2426 852 2514 linguis,
879 2449 1020 2514 quarum
1039 2428 1168 2514 siquae

111 2516 237 2583 similia
251 2514 541 2604 deprehenduntur
555 2452 655 2578 iruius
675 2514 802 2601 generis
827 2512 1003 2592 voeabula,
1034 2537 1071 2578 ea
1096 2535 1168 2578 non

115 2602 270 2668 externis·
280 2601 431 2689 gentibus
449 2601 621 2689 desumpta
636 2608 724 2678 sunt,
746 2599 832 2663 sede
848 2600 1020 2662 communi
1034 2612 1168 2663 sermo*
1184 2588 1192 2625 ¹

115 2689 170 2755 nis
185 2687 324 2751 humani
339 2685 618 2750 lontefluxerunt.
663 2684 765 2748 Sicuti
775 2697 846 2760 aut,
866 2685 957 2771 quod
968 2687 1169 2771 pronuntia-

109 2775 212 2853 ¹tione
229 2772 353 2836 aceedit
368 2771 407 2836 ad
423 2783 476 2854 ot,
498 2792 574 2843 oum
598 2769 759 2854 Italorum
784 2795 822 2851 o,
845 2772 1090 2834 Germanorum
1111 2770 1168 2850 od,

109 2859 206 2924 'oder
212 2906 223 2939 ,
237 2856 463 2922 Hebraeorum
481 2867 522 2924 at<
538 2857 699 2921 convenit.
725 2853 760 2920 ld
778 2866 852 2920 ante
871 2856 982 2920 omnia
997 2865 1167 2941 teneamus

116 2966 253 3012 neeesse
269 2945 349 3016 erit,
371 2967 418 3008 an
435 2966 503 3007 csse
519 2942 736 3021 vocabulum,
762 2941 853 3027 quod
876 2941 1014 3029 proprie
1037 2941 1169 3005 dubita·
1241 2989 1243 2991 >

110 3031 207 3097 'tioni
222 3039 254 3093 et
269 3029 524 3114 interrogationi
544 3027 797 3116 hypotheticae,
846 3048 884 3089 ua
902 3025 943 3090 de
957 3026 1096 3090 duarum
1114 3049 1169 3091 re·
1238 3032 1242 3039 '

111 3130 200 3182 'rum
216 3115 427 3202 ambiguitate
444 3115 629 3201 quaeritur,
663 3113 804 3199 ideoque
820 3049 1031 3189 disiunctioni
1059 3114 1170 3199 expri-

122 3199 263 3266 mendae
277 3201 451 3283 inserviat,
471 3209 568 3286 atque
583 3199 654 3267 fere
669 3199 757 3263 idem
774 3195 931 3284 significet
946 3199 1036 3284 quod
1056 3210 1170 3263 ontne.

121 3287 295 3352 Elementa
311 3285 376 3348 duo
397 3295 490 3361 suut,
524 3307 546 3348 u
572 3285 823 3361 disiunctivum‚
851 3306 874 3347 n
899 3284 1171 3372 interrogativum

121 3373 191 3437 sive
219 3370 447 3434 dubitativum.
507 3370 743 3454 Quaecumque
767 3370 855 3433 enim
874 3369 1108 3457 interrogatio,
1135 3369 1169 3431 in

123 3479 189 3544 qua
205 3457 421 3542 adponitur,
452 3452 643 3520 disiunctiva
667 3464 734 3534 est,
764 3457 831 3518 sive
851 3465 1030 3543 utrumque
1058 3476 1170 3518 mem-

123 3543 224 3609 brum
250 3542 355 3607 verbis
378 3561 591 3628 expressum,
627 3540 694 3604 sive
718 3538 858 3605 alterum
888 3541 978 3630 prins
1010 3541 1170 3603 omissum
1254 3565 1257 3571 ’

125 3638 201 3697 est„
227 3627 277 3690 Er
294 3649 397 3713 quum
421 3650 468 3691 nn
492 3626 590 3696 etiam
618 3635 711 3690 extra
739 3626 1034 3712 interrogationem
1057 3625 1170 3688 locum

125 3713 262 3792 habeat,
306 3713 533 3776 disiunctionis
564 3710 836 3799 significationem
868 3712 1070 3799 primitivam
1102 3731 1170 3773 esse

124 3798 338 3887 putabimus,
362 3821 499 3885 eamque
520 3798 563 3861 ob
585 3818 731 3860 caussam
748 3797 1013 3884 interrogationis
1031 3794 1170 3883 duplicis

126 3885 220 3951 alteri
233 3883 377 3952 secundo
389 3882 547 3949 'membro
562 3883 759 3970 particulam
774 3884 859 3947 hanc
881 3882 966 3946 addi.

212 3970 347 4035 Beierus
363 3969 403 4032 ad
417 3992 471 4034 me
494 3991 582 4035 nuno
602 3968 681 4033 haec
696 3970 844 4056 scripsit:
873 3971 940 4048 „Vt
957 3980 1017 4033 ont
1036 3990 1077 4032 ex
1093 3959 1172 4044 αὖτε,

128 4067 245 4121 autem
260 4076 302 4119 ex
316 4049 428 4137 αὐτάρ,
449 4057 495 4122 sie
512 4078 560 4120 ora
575 4065 648 4119 orta
670 4054 799 4119 videtur
814 4077 854 4117 ex
871 4047 927 4134 αὖ,
940 4075 1071 4135 sursus,
1089 4077 1172 4117 con-

128 4153 207 4224 tru,
240 4151 273 4207 et
294 4138 350 4220 tta,
378 4161 463 4226 quae¹
488 4141 568 4207 abiit
590 4141 678 4230 apud
692 4142 825 4206 Latinos
846 4139 882 4204 in
904 4139 1172 4226 interrogativum
