2618 4770
122 368 184 432 oe
240 312 252 331 '
584 350 746 434 soom.

125 552 129 560 ·
188 508 372 572 seditionibus
388 510 510 580 primum
529 504 593 561 urbs
622 508 771 575 Romana,
794 506 898 572 deinde
916 510 998 569 velut
1021 530 1059 571 ex
1083 524 1167 571 sonu

186 606 271 673 gione
288 608 379 655 castra
397 591 644 662 impleanturdfi,
662 591 695 659 3,
712 592 739 646 4.
757 604 852 649 aneti
869 600 1036 671 quitquam,
1059 619 1109 673 qur
1104 586 1175 655 ι1ι.Ι

103 752 107 757 ,
183 685 269 749 lritet,
297 678 416 734 nullis
406 682 515 734 iniuriis
539 681 713 740 vestris‚-·
738 699 869 751 umquam
898 701 988 754 aeque
1012 703 1099 758 quam
1116 706 1163 740 mu·

108 758 113 767 “
185 791 249 841 nm
265 778 376 839 patrum
397 767 427 817 in
444 762 571 833 plebem,
601 781 685 834 quum
710 782 777 816 aera
804 764 992 821 militantibus
1018 775 1161 841 repetitura

182 867 264 918 sunt,
287 850 411 904 tribunos
430 847 522 919 piebis
541 846 666 921 offensos
684 868 717 902 ue
742 853 900 906 concitatos
924 855 1010 907 esse?
1026 856 1046 907 i.
1066 874 1092 926 q.
1115 874 1158 911 nou

185 958 269 1010 neque
286 936 401 989 offensos
419 933 480 984 ullis
499 932 612 985 iniuriis.
637 930 736 1000 31,1,
754 932 780 986 3.
807 938 914 989 Straton.
933 938 1000 1007 Aug.
1017 936 1062 996 64.
1081 961 1113 995 ac
1126 945 1156 996 ni.

184 1026 227 1079 hil
243 1039 330 1093 aeque
344 1017 509 1078 elaboravit,
520 1036 602 1088 quam
614 1028 646 1071 ut
659 1021 833 1073 imitarentur
847 1020 1065 1095 chirographum
1080 1042 1153 1080 suum

137 1124 140 1129 ·
183 1110 261 1162 Galb.
280 1102 307 1159 4.
332 1108 397 1173 Aug.
414 1103 458 1155 89.
475 1103 543 1154 Plin.
562 1104 646 1172 Epist.
663 1105 690 1169 2,
711 1103 760 1170 15,
779 1105 804 1157 1.
821 1105 897 1161 nibil
912 1109 986 1172 enim
1003 1129 1091 1183 aeque
1102 1126 1151 1183 'gra-

185 1209 245 1251 tum
272 1202 315 1255 est
339 1190 453 1259 adeptis
478 1207 563 1262 quam
591 1188 856 1259 concupiscentibus.
883 1192 930 1243 ubi
952 1193 1007 1247 vid.
1033 1196 1149 1249 Schaeier.

180 1280 267 1335 Tacit.
284 1274 404 1339 insat,
423 1274 465 1326 10.
490 1285 587 1327 contra
608 1274 686 1345 apud
702 1273 778 1331 alios
797 1274 870 1330 nibil
886 1296 974 1351 aeque
994 1298 1041 1334 reo
1065 1280 1147 1351 prode·

178 1377 224 1423 unt
249 1382 332 1436 quam
360 1362 448 1419 nimia
463 1361 612 1431 ¹potentia·
621 1362 798 1415 accusatoris.
824 1364 900 1417 Anni
909 1361 959 1423 14,
976 1361 1022 1417 38.
1051 1363 1145 1432 nint,

180 1453 223 1507 52
254 1446 459 1519 Vespasianus,
493 1441 570 1497 haud
595 1464 682 1515 aeque
708 1432 872 1501 Domitiano
905 1440 1054 1521 mitigatas
1079 1471 1169 1523 quan„

186 1541 247 1597 Τιίι·
271 1538 381 1606 pietate
402 1528 546 1602 gaudeus,
575 1526 648 1582 bono
676 1546 736 1587 esse
758 1532 852 1584 animo
876 1530 962 1587 iubet.
993 1536 1141 1589 Dehacli·

178 1624 267 1678 ctione
286 1615 482 1670 schwartzius
473 1634 502 1665 ιιι
519 1614 663 1666 Tursellini
680 1615 797 1668 editione
820 1602 906 1686 prinia
930 1638 958 1688 p.
974 1618 1019 1674 73.
1044 1624 1139 1674 notant:

160 1711 323 1778 ,scriptores
343 1720 437 1754 aureae
454 1700 594 1751 latinitatis
612 1700 744 1753 rarissime
762 1719 849 1772 aeque
867 1721 926 1755 cum
945 1721 1030 1775 quam
1049 1707 1139 1758 coninu-

179 1814 259 1865 gere,
275 1792 298 1842 si
316 1788 420 1841 Livium
441 1784 590 1853 exceperis:
615 1785 643 1836 in
670 1785 752 1837 tertia
777 1784 895 1861 editione
917 1789 1092 1857 demonstrat,
1111 1801 1138 1843 et·

178 1881 253 1933 iamsi
269 1876 357 1947 ¹liuius
375 1874 412 1922 ita
432 1872 570 1938 loquatur,
588 1870 732 1937 scriptores
756 1872 877 1940 aequales
902 1884 930 1924 et
954 1877 1099 1944 superiores
1112 1877 1138 1927 its

177 1964 251 2033 loqui
269 1979 323 2011 non
340 1959 523 2018 consuevisse,
542 1954 588 2005 sed
603 1955 737 2022 pertinere
758 1955 787 2006 id
808 1955 842 2007 ad
865 1960 1063 2027 patavinitatem
1081 1962 1140 2014 111111

175 2046 338 2115 scriptoris.
358 2046 393 2092 At
414 2041 499 2092 Plauti
517 2041 636 2108 exempla
653 2048 756 2092 vetusta
773 2041 931 2095 anctoritate
948 2056 1090 2114 praestant.
1118 2048 1142 2097 In

178 2133 304 2182 cicerone
325 2143 451 2193 nusquam
468 2125 583 2192 legitur,
602 2142 687 2193 neque
705 2126 732 2176 in
752 2128 869 2181 Caesare.
877 2132 992 2206 Quare
1009 2133 1043 2183 ad
1058 2150 1145 2201 germu-

170 2218 267 2267 nismos
284 2212 368 2264 refert
384 2211 569 2279 Nolteniusp.
590 2208 666 2261 1321.
680 2210 759 2261 haec:
778 2231 865 2284 aeque
882 2212 950 2267 bene
968 2198 1070 2272 litteris
1089 2235 1150 2289 ope·
1186 2216 1188 2221 ’

175 2318 234 2352 earn
250 2297 302 2349 dat
320 2314 402 2369 quam
422 2284 491 2348 illes
484 2313 560 2364 ·quo
578 2293 653 2358 iure,
670 2288 833 2362 intelligetur
852 2317 884 2349 ex
901 2299 967 2367 Iopis
983 2303 1070 2355 allatis
1084 2298 1158 2355 livii

171 2385 216 2450 st,
235 2384 260 2447 1,
277 2381 303 2434 3.
323 2392 351 2433 et
369 2380 536 2437 columellae.
572 2380 604 2431 In
624 2379 732 2448 reliquis
751 2380 820 2432 enim
840 2382 959 2451 plurimis
976 2388 1082 2456 negatio
1100 2386 1168 2441 ad*

172 2471 267 2523 haeret
280 2465 355 2525 ,nihil
375 2485 480 2539 aeque,
499 2466 576 2520 haud
593 2484 689 2540 aeque.

205 2577 294 2635 Aeone
313 2597 348 2611 -
365 2588 406 2622 vr.
433 2572 519 2621 Varro
538 2570 567 2620 in
584 2570 720 2635 Eumenid.
740 2569 809 2639 apud
824 2573 895 2625 Non.
913 2570 945 2639 1,
965 2572 1026 2628 151.
1044 2566 1188 2631 nonnul

171 2661 299 2732 arquatis
318 2665 346 2709 et
362 2659 533 2720 veternosis,
559 2653 636 2727 leetea
655 2673 725 2726 quae
744 2674 801 2707 non
820 2667 899 2721 sunt,
924 2677 1011 2731 aeque
1029 2673 1060 2715 ut
1078 2662 1188 2717 latest

169 2745 314 2803 uidentur,
341 2743 381 2793 sic
407 2739 513 2790 insanis
539 2740 601 2790 sani
628 2750 657 2792 et
674 2732 798 2808 furiosis
817 2741 950 2795 videntur
970 2740 1029 2801 e'sse
1052 2744 1188 2803 insanf⁴

138 2880 140 2884 .
172 2831 219 2881 sed
237 2827 287 2890 16,
307 2826 348 2876 10.
365 2824 462 2891 legitur
482 2842 570 2895 aeque
594 2834 623 2876 et
644 2822 731 2876 lutea.
750 2825 804 2875 Cic.
820 2843 847 2893 p.
864 2829 949 2879 Domo
969 2828 1020 2896 11,
1038 2832 1082 2887 30.
1100 2837 1188 2889 itas

170 2933 221 2985 que
239 2912 419 2966 libentissime
436 2907 605 2980 praedicabo
628 2907 676 2961 Cn.
690 2908 853 2978 Pompeium
871 2913 968 2967 studio
987 2924 1015 2968 e't
1033 2923 1188 2975 auctori!

141 3007 143 3011 '
169 3008 245 3059 tate,
265 3014 350 3065 aeque
369 3005 401 3046 ut
420 3011 636 3069 ununrquemque
652 3003 790 3054 vestrum,
813 2994 931 3064 opibus,
964 3008 1146 3081 contentione,
1175 3032 1188 3043 ⁶

166 3109 200 3124 ·-
217 3084 365 3151 praecipue
384 3098 435 3147 pro
448 3079 539 3132 solete
552 3096 612 3128 ntea
633 3074 785 3130 laborasse.
805 3080 876 3146 quod
895 3082 977 3135 miror
994 3086 1028 3137 ab
1046 3091 1146 3143 οιιῑίο-

167 3169 208 3218 nis
226 3167 302 3215 huius
324 3149 476 3214 censoribus
505 3163 628 3212 omissum
653 3179 725 3212 esse.
754 3180 814 3213 nam
838 3165 909 3216 aliud
934 3180 1035 3222 certum
1058 3193 1145 3227 exem-

164 3253 235 3320 plum
254 3250 329 3299 huius
347 3268 406 3300 usus
426 3247 550 3298 nullum
543 3246 630 3298 unvani
648 3247 676 3297 in
694 3247 829 3298 Cicerone.
864 3253 894 3301 ln
908 3244 1019 3324 Philipp.
1041 3258 1082 3323 12,
1105 3262 1145 3328 12,

165 3334 209 3388 27.
229 3344 352 3402 corrupta
374 3344 431 3384 erut
449 3333 595 3400 scriptura,
621 3350 699 3400 quam
725 3333 871 3384 emendavit
895 3335 1059 3394 Vbaldinos.
1083 3363 1147 3416 pos.

166 3437 295 3471 suerrusne
314 3421 398 3486 igitur
417 3421 446 3471 in
465 3418 583 3469 Antonii
602 3414 749 3472 latrocinio
771 3429 1013 3491 aequoessetuti·
1048 3441 1147 3501 prout

163 3501 201 3554 bi.
219 3505 305 3565 Quare
319 3499 487 3565 Goerennius,
504 3497 555 3551 nisi
564 3503 679 3553 certiora
689 3503 845 3556 documenta
855 3514 947 3572 parate
960 3508 1086 3580 habebat,
1092 3512 1144 3573 da'-

165 3584 252 3637 bitare
267 3582 377 3637 debebat
392 3586 424 3638 de
440 3584 598 3654 corrigendo
614 3587 674 3638 loco
688 3588 747 3638 Fin.
756 3586 780 3653 1,
788 3588 831 3651 20,
844 3585 886 3639 67.
897 3594 1145 3656 reametlaetamnr

163 3670 314 3723 anticorum
334 3670 444 3725 laetitia
461 3688 548 3742 aeque
564 3682 648 3742 atque
661 3684 777 3725 nostras
795 3670 848 3738 ubi,
868 3673 940 3743 quod
956 3682 1083 3750 restituit,
1100 3706 1145 3741 ae.

163 3772 216 3826 que
227 3765 258 3806 ut
275 3764 380 3817 nostra,
399 3757 547 3823 profectum
567 3757 671 3807 videtur
686 3775 701 3807 a
717 3758 859 3809 scribarum
872 3766 1070 3821 consuetudines
1087 3772 1144 3824 tta·

160 3840 267 3891 drianus
293 3836 439 3899 Gardinah's
467 3843 499 3893 de
526 3841 614 3893 Medis
639 3838 722 3895 latine
747 3842 803 3910 loq.
826 3854 853 3911 p.
872 3843 898 3895 9.
916 3862 949 3899 ex
967 3850 1097 3909 Cicerone
1111 3856 1145 3909 ati

160 3924 274 3975 Atticum
293 3927 370 3979 alleri
386 3928 467 3980 haece
485 3932 512 3980 et
528 3923 613 3980 simul
630 3925 707 3998 quod
725 3945 811 3997 aeque
828 3947 862 3980 eu
881 3948 1040 4003 quaesunt,
1058 3951 1091 3994 ut
1111 3961 1145 3997 ιιι

159 4022 229 4076 quae
247 4020 317 4063 certe
330 4006 436 4081 futura
453 4024 533 4074 sunt,
554 4011 648 4066 videre
665 4030 723 4066 non
740 4022 862 4082 possum.
886 4032 952 4084 quae
971 4020 1107 4078 mirifice
1097 4044 1143 4077 in·

158 4092 288 4159 terpolata
307 4107 374 4146 sunt.
409 4098 457 4149 Est
485 4097 554 4148 onim
578 4096 651 4149 locus
678 4092 764 4167 Epist.
781 4093 814 4158 9,
842 4091 883 4149 19
903 4111 931 4155 et
957 4107 1050 4175 sinrul,
1068 4108 1175 4185 quod<

157 4187 209 4240 ea,
230 4192 301 4250 quae
309 4170 408 4283 fiunt,
431 4172 484 4237 aut
496 4199 567 4252 quae
584 4186 656 4237 certe
668 4176 775 4254 futura
794 4190 873 4274 tunt,
891 4186 985 4245 videre
1003 4206 1061 4249 non
1075 4212 1142 4267 pos·
