2618 4770
119 279 184 342 att
247 286 251 296 '
607 278 679 343 ΔΝ.

149 431 153 437 ’
188 432 223 496 2.
242 429 288 495 48.
304 452 342 488 nn
355 434 459 490 amat?
475 449 530 488 non
545 444 602 487 est:
620 432 747 486 emuna?
770 428 854 488 trabat
871 430 932 488 tat
947 434 998 488 aad
1009 435 1171 489 numm-i

160 556 162 561 -
193 517 234 572 du
255 518 340 574 liebst
352 520 427 575 donin
445 518 544 576 nieht?
563 540 584 573 a.
603 518 673 573 oder
689 516 773 574 liciat
791 517 831 573 du
849 523 926 592 gar?
948 521 1003 593 (iic.
1022 520 1059 573 de
1071 510 1170 589 Lami,

191 601 242 669 15,
259 603 304 661 88·
324 625 361 660 au
379 609 464 661 etiam
484 606 515 661 id
538 605 652 660 dubium
674 607 740 660 est?
763 605 836 674 quod
855 606 964 659 Terent.
983 605 1092 659 Phorm.
1110 602 1169 672 5,2,

131 726 135 732 -
191 687 217 741 9.
234 694 320 744 etiam
338 691 403 746 idne
420 689 586 746 dubiumst?
614 691 682 742 Hine
706 690 811 743 Plantas
836 690 937 744 variata
963 690 1167 744 dictima‘rrin.
1198 732 1201 765 Ι

108 824 111 833 ,
192 769 219 837 4,
236 773 262 836 2,
279 774 322 829 77.
339 795 378 830 eu
401 775 528 831 canes?
545 796 583 829 nn
608 773 813 831 Charidemus?
831 794 897 828 num
919 772 1106 831 Charmides?
1121 777 1166 826 la·

193 869 275 913 etant.
292 862 363 930 Epit.
381 860 437 925 29,
458 863 484 917 1.
502 881 549 916 cur
566 879 633 932 ergo
656 877 742 919 ,aaran
769 860 837 914 dam
863 863 973 932 patitur
995 859 1068 915 haee
1085 858 1175 931 fieri?-

192 963 229 999 an
248 947 345 1013 potiris
363 944 452 998 nmlos
470 945 516 1001 vei
533 955 704 1010 summovet,
721 943 769 1000 uei
784 947 960 1019 exstinguit?
976 945 1113 1016 explicant
1127 964 1165 998 aar

146 1070 151 1079 .
194 1045 269 1091 non,
286 1029 405 1085 Darisiua
421 1033 532 1100 corrigit
546 1053 580 1087 ae
595 1035 706 1102 potius,
721 1033 881 1085 Biinemann.
895 1050 946 1087 neo
958 1051 988 1102 p.
1025 1034 1062 1085 At
1073 1049 1112 1083 aa
1123 1048 1162 1100 po·

192 1116 249 1167 tius
264 1114 334 1167 idam
348 1119 474 1187 estquod
488 1138 554 1171 num
568 1119 676 1187 potius.
718 1117 772 1170 Cio.
782 1116 884 1175 ,Parem
899 1113 932 1180 5,
942 1118 985 1181 2,
1004 1115 1050 1170 ³6.
1068 1136 1108 1170 an
1122 1114 1163 1171 itt·

35 1243 38 1253 .
192 1195 261 1251 miii
289 1198 375 1263 iiber,
412 1204 456 1258 cui
480 1203 578 1257 mulier
605 1201 747 1270 imperat?
774 1201 899 1259 Vincerat.
921 1202 1055 1256 Bellum
1076 1194 1106 1252 et
1121 1200 1160 1251 duo

133 1330 140 1342 .
194 1283 272 1339 οῠᾶἀ.
296 1296 313 1338 t
336 1286 484 1340 Goerenaio
508 1288 600 1340 collati
624 1285 765 1359 numquid.
791 1286 825 1340 da
849 1288 909 1343 Fin.
934 1285 1041 1354 2,19‚
1062 1283 1107 1339 60.
1127 1286 1160 1338 uti

191 1370 266 1425 conf.
282 1382 339 1424 not.
356 1371 453 1426 aremii
468 1382 496 1424 et
512 1372 663 1427 Goerenaii·
1129 1396 1132 1403 ·
1187 1400 1190 1407 ·

208 1475 241 1536 8.
277 1473 342 1538 Sed
358 1473 476 1538 eodem
495 1475 598 1540 modo
617 1475 716 1540 etiam
733 1472 766 1539 id
780 1471 986 1561 quaerimus,
1017 1470 1108 1558 quod
1128 1493 1159 1536 eu

124 1565 239 1620 nostru
256 1563 416 1625 sententia
439 1582 516 1624 cum
534 1559 757 1627 affirmatione
781 1579 925 1624 essemus
941 1557 1160 1643 interrogaturi

123 1662 185 1726 per
199 1644 397 1711 vocobulum
413 1670 535 1711 nonne.
578 1647 640 1710 Eu⁴
656 1644 837 1711 Hermanni
853 1644 1038 1731 praeceptis
1059 1644 1092 1707 id
1112 1663 1159 1707 ne·

14 1758 17 1762 ·
125 1726 274 1814 gabitur,
297 1732 355 1796 sed
369 1754 556 1821 perperam.
601 1732 706 1819 Saepe
723 1729 949 1820 interponitur
962 1729 1077 1794 oredo.

227 1851 313 1904 Plaut.
338 1854 408 1906 Men.
423 1852 456 1916 ⁵,
476 1851 508 1918 5,
529 1852 572 1905 69.
594 1871 640 1914 an,
661 1853 709 1920 qui
724 1868 869 1921 perperam
887 1851 1010 1903 insanire
1030 1852 1161 1912 muniunt,

196 1939 255 2004 ipsi
272 1938 437 1991 insaniunt?
459 1939 477 1991 i.
495 1957 521 2006 q.
545 1955 633 1991 nonne
647 1935 698 2007 ipsi
712 1936 853 1988 insaniunt.
887 1938 936 1988 Est
951 1953 1031 1996 vero,
1056 1935 1078 1985 si
1092 1945 1162 1986 totam

194 2021 350 2073 senteutiam
369 2024 506 2092 exprimis:
533 2033 607 2074 estne
621 2022 688 2075 illud
704 2039 755 2074 non
774 2040 879 2087 verum,
896 2014 933 2072 eri
949 2021 1001 2089 ipsi
1020 2020 1160 2073 insaniunt?
1197 1980 1202 2059 i

196 2107 271 2158 ovid.
297 2109 360 2160 Iler.
377 2107 424 2170 17,
446 2108 506 2162 247.
525 2129 562 2161 an
583 2105 647 2175 fera
674 2108 820 2161 Centauris
844 2106 963 2160 indicere
986 2103 1065 2158 bella
1084 2107 1163 2176 coegit

194 2192 306 2246 Atracis
331 2194 503 2246 Haemonios
528 2192 722 2264 Hippodamia
743 2191 842 2245 uiros?
869 2192 913 2246 ubi
930 2190 977 2242 alii
997 2210 1041 2244 an
1058 2208 1105 2260 pro
1125 2210 1163 2243 au·

195 2292 251 2326 non
272 2278 388 2344 positum
408 2297 466 2329 esse
488 2279 722 2341 existimaverunt,
737 2279 900 2331 Hermannus
913 2275 1164 2347 autem'negationen
1199 2304 1203 2315 ·

194 2362 323 2429 quaesivit
337 2363 365 2413 in
380 2365 475 2427 verbis,
491 2383 557 2436 quae
579 2375 737 2432 sequuntur:
764 2374 794 2417 ta
810 2359 882 2433 fore
905 2373 962 2415 tam
979 2365 1054 2416 iusta
1075 2361 1165 2417 lentant

140 2454 143 2460 ’
196 2445 357 2499 Menelaon
373 2451 402 2502 in
418 2450 460 2501 ira
477 2478 511 2490 -
528 2451 637 2520 putas?
662 2451 697 2503 At
717 2448 754 2499 ibi
769 2466 853 2516 neque
876 2448 923 2502 iila
946 2448 1086 2500 recondita
1102 2448 1164 2508 latet,
1201 2486 1203 2493 .

195 2547 280 2598 neque
309 2533 375 2585 haec
402 2536 482 2589 verba
506 2535 669 2587 constituunt
689 2534 801 2595 alteram
826 2534 1045 2603 interrogationis
1069 2542 1166 2609 partem,

195 2632 279 2686 neque
294 2617 372 2671 etiam
388 2638 478 2683 seusus
498 2632 538 2672 est
554 2621 709 2674 verborum:
732 2629 873 2689 poteratne
889 2618 1067 2688 Hippodamia
1081 2618 1166 2671 beuta

193 2701 315 2767 mouere,
336 2722 384 2770 ego
401 2715 486 2756 autem
499 2708 573 2759 non?
600 2708 646 2773 4
666 2705 736 2756 idem
757 2702 880 2772 exprimit
902 2704 974 2772 quod
1000 2723 1107 2768 nonne,
1129 2702 1167 2755 aed

196 2787 300 2839 inversa
315 2790 452 2854 oratione,
480 2812 545 2860 quae
560 2792 638 2861 plena
651 2793 717 2845 haec
734 2799 793 2854 estz,
812 2787 896 2841 ibitne
910 2807 959 2859 per
971 2792 1076 2858 girdios
1089 2800 1167 2841 noster

117 2922 119 2926 ,
194 2889 283 2936 amor,
309 2891 341 2925 an
366 2877 455 2943 coegit
475 2878 649 2948 Hippodamia
674 2879 746 2930 viros
768 2887 819 2927 etc.
838 2875 885 2927 aed
908 2876 998 2946 posito
1020 2894 1112 2931 uonna
1130 2892 1167 2926 aur

146 2949 150 2965 ’
194 2974 248 3009 uon
264 2959 376 3011 addatur
392 2961 476 3014 altera
490 2981 567 3030 pars,
591 2982 669 3033 supra
682 2961 862 3014 indicavimus.

241 3064 277 3114 Vt
291 3063 346 3115 Cic.
364 3063 396 3113 de
418 3065 448 3116 L.
470 3083 526 3133 agr.
541 3058 574 3132 1‚‘
588 3066 622 3131 6,
643 3066 684 3119 19.
702 3083 754 3118 vos
775 3063 859 3124 haee,
880 3064 936 3118 uisi
952 3070 1077 3116 evertere
1094 3077 1170 3130 remp·

163 3196 165 3200 Α
194 3149 331 3214 superetis
357 3166 390 3199 ac
411 3148 491 3202 votis
513 3168 616 3212 novom
638 3151 857 3205 dominationem
877 3166 1057 3216 comparare,
1090 3144 1170 3206 crdd⁰t

196 3249 279 3300 quam
304 3235 461 3303 perniciosa
488 3227 595 3299 essent,
622 3253 679 3288 non
699 3235 839 3290 videretis.
860 3235 898 3288 ita
922 3232 1001 3284 etiam
1026 3230 1124 3299 sulpic.
1143 3227 1172 3279 ad

195 3315 250 3365 Cic.
265 3313 298 3382 4,
316 3317 341 3370 5.
366 3336 403 3371 an
419 3316 497 3371 illius
514 3324 617 3385 uicem,
635 3321 733 3384 credo,
761 3318 860 3374 doles?
886 3317 955 3386 quod
971 3333 1025 3368 non
1042 3316 1171 3384 explican-

196 3399 270 3452 dum:
295 3421 356 3458 num
380 3402 436 3453 eius
458 3405 541 3456 ricem
565 3407 660 3459 doles?
687 3408 726 3458 uti
745 3405 872 3461 Matthiae
889 3403 990 3466 voluit,
1012 3401 1075 3453 sed:
1093 3416 1172 3451 noune

195 3503 259 3537 raro
275 3486 346 3538 illius
361 3488 443 3540 ricem
461 3490 555 3543 dolas?
572 3492 603 3543 Id
619 3494 685 3543 bena
700 3492 782 3545 sensit
798 3489 948 3552 Manutius,
965 3488 1007 3540 cui
1022 3486 1106 3553 magia
1120 3485 1168 3554 plt-

194 3570 263 3622 cuit:
282 3571 523 3636 milliarensem,
542 3575 640 3639 eredo,
658 3574 747 3629 doles.
782 3575 841 3626 Alia
857 3584 898 3626 est
914 3583 941 3624 et
960 3572 1097 3626 0⁰¹¹tr³ri³
1112 3569 1173 3622 ‘³¹3⁰

195 3655 223 3707 in
237 3657 340 3720 ironia,
365 3660 437 3712 cuius
452 3662 597 3728 exemplum
616 3660 676 3714 ride
692 3660 761 3733 apud
774 3662 879 3715 Latrat,
898 3655 931 3724 5,
950 3655 1010 3711 175.
1024 3659 1067 3711 οἱ.
1078 3654 1174 3710 Fabric·
1197 3684 1201 3689 -

196 3740 230 3794 ad
245 3742 341 3810 virgil.
354 3747 417 3798 Aen.
436 3744 468 3810 7,
489 3745 551 3799 297.
1026 3739 1028 3742 ⁵

101 3903 103 3907 ,
210 3844 243 3909 4.
274 3844 327 3910 Ex
348 3846 398 3911 his
417 3857 528 3912 autam
547 3845 643 3914 facile
669 3847 854 3934 colligitur,
881 3865 949 3931 quo
968 3843 1176 3929 iureaupro

127 3946 245 3994 annau
259 3933 409 4016 positum
433 3957 503 3998 esse
519 3935 625 4000 critici
651 3932 849 3998 consuerint.
893 3931 1068 4015 Nusquam
1093 3928 1177 3993 enim

127 4038 175 4078 an
190 4038 254 4102 pro
271 4039 388 4087 aunon
406 4019 527 4084 dicitur
538 4068 557 4099 „
570 4031 603 4082 et
621 4019 734 4107 quiite
756 4018 828 4082 fieri
844 4017 1095 4102 opinabantur,
1109 4010 1188 4097 falsi,

128 4111 205 4166 sunt
221 4105 471 4173 rernaoidarum
486 4102 675 4196 linguarum
690 4126 761 4173 usu.
783 4101 974 4193 Wopkens.
988 4103 1081 4168 Lect.
1092 4095 1178 4166 Tull.
