2618 4770
461 321 626 408 suove.
671 319 738 391 sc,
986 312 988 327 ·
1058 275 1136 392 trs
1168 415 1188 437 y,
1264 406 1276 414 ᾖ

145 475 196 533 sed
218 479 283 548 poni
308 478 409 547 possit,
437 478 604 546 negationem
619 477 740 546 >simplici
762 497 817 533 non
837 479 957 549 exprimi.
991 478 1125 550 Equidem

140 564 230 636 paullo
247 564 332 618 aliter
356 583 413 618 rent
441 581 620 635 conceperam.
657 563 725 617 Non
752 565 860 633 ponitur
877 566 962 629 enim,
989 583 1044 618 non
1062 565 1139 629 πόα,
1201 575 1208 584 “

140 660 250 719 propter
274 652 467 721 oppositionem
498 650 635 703 notionum
662 660 772 703 rectam.
806 651 987 724 interponitur
1014 662 1042 704 et
1068 668 1125 702 non

141 734 176 784 ad
200 736 383 803 coniungenda
407 734 539 797 membra,
563 753 672 804 qnorum
697 735 810 787 alterum
840 753 899 788 cnm
929 737 1013 790 altero
1039 735 1125 797 datur.

143 820 196 870 Sed
216 839 250 877 ac
268 839 324 876 non
344 822 456 883 dicitur,
483 820 527 874 ubi
550 821 671 892 aequatio
693 839 725 872 ax
747 821 834 889 aliqua
852 821 1019 873 conclusione
1037 820 1124 871 inter-

130 905 231 972 aedit‚
257 917 284 962 et
309 907 348 958 vis
366 906 479 976 potioris
504 905 622 959 notionis
647 904 820 972 significatur.
857 905 934 967 Quod
954 906 1062 958 veroin
1082 905 1125 956 al-

107 1048 110 1052 ·
141 1001 201 1042 tero
225 993 341 1046 membro
367 1001 479 1058 negante
505 989 634 1043 Matthiae
660 991 689 1044 id
716 990 917 1051 animadvertit,
944 991 1015 1062 qnod
1036 1007 1126 1045 veram

145 1077 196 1140 sit,
221 1078 335 1150 positum
356 1087 396 1132 est
413 1078 440 1132 iu
460 1076 671 1131 conformatione
690 1077 880 1129 sententiarum
900 1077 1127 1138 conditionalium,
1188 1102 1192 1119 ι

144 1180 198 1216 non
217 1163 245 1212 in
264 1161 454 1229 significatione
473 1161 628 1231 particulae.
662 1163 719 1214 Nec
732 1194 734 1199 ·
746 1163 912 1215 confirmatur
930 1163 977 1214 illa
998 1164 1125 1215 observa·-
1147 1190 1149 1195 ·

144 1247 184 1299 tio
201 1265 256 1303 usu.
290 1247 481 1300 stamineis.
502 1247 535 1300 de
551 1250 625 1300 Orat.
644 1247 678 1311 2,
696 1246 746 1307 56,
766 1245 827 1300 227.
853 1245 926 1301 illud
945 1247 1055 1318 quidem
1074 1247 1124 1307 ad.

145 1336 247 1398 orirer,
267 1342 294 1389 te
310 1331 390 1386 nobis
411 1336 440 1387 in
456 1350 488 1386 eo
506 1351 605 1404 genere
626 1329 755 1385 tribuisse
774 1341 900 1396 tantnm,'
926 1342 953 1383 et
969 1349 1026 1385 non
1045 1330 1128 1386 huius

145 1421 186 1472 rei
211 1435 318 1489 qaoque
341 1415 497 1488 palmam..
512 1427 543 1470 ot
571 1427 719 1471 ceterarum
746 1415 845 1469 Crasso
871 1408 1012 1468 detulisse.
1039 1426 1067 1469 et
1085 1417 1126 1470 sle

144 1505 209 1572 Lag.
227 1504 259 1564 1,
279 1503 330 1564 20,
347 1499 390 1555 64.
407 1520 576 1572 perparvam
596 1503 812 1558 controversiam
831 1499 920 1564 dicis,
935 1521 969 1556 ac
991 1520 1047 1555 non
1066 1522 1128 1558 eam

139 1608 218 1661 puae
235 1587 348 1645 dirimat
366 1589 479 1641 omniur
504 1587 585 1652 illud,
603 1587 673 1655 qood
688 1587 778 1640 'altero
797 1587 857 1639 loco
876 1587 1008 1654 positum,
1027 1605 1080 1640 non
1093 1604 1127 1642 re

146 1693 208 1729 vera
234 1675 332 1729 fectum
358 1683 434 1736 arat,
460 1671 508 1726 sed
530 1672 597 1727 ordo
615 1673 731 1735 inverti,
761 1682 788 1723 et
806 1671 883 1725 reddi
898 1681 989 1739 potest
1005 1689 1054 1738 per
1071 1689 1128 1724 non

145 1788 180 1802 -
200 1759 257 1815 sed.
294 1761 351 1809 Nec
368 1758 450 1813 facile
470 1757 693 1813 demonstsabitnr
708 1759 861 1812 Ciceronem
878 1760 956 1812 Tusa.
972 1757 1005 1818 2,
1024 1756 1073 1819 12,
1086 1755 1130 1809 28.

149 1862 203 1899 non
227 1843 345 1917 potuisse
364 1829 495 1894 scriberet
525 1846 605 1914 quasi
621 1843 656 1898 de
672 1841 771 1906 verbo,
793 1861 850 1897 non
869 1842 903 1897 de
921 1863 951 1894 re
970 1840 1131 1897 laboratura

150 1930 228 1980 sicuti
250 1929 283 1984 ad
303 1931 375 1983 Fam.
395 1927 427 1989 8,
446 1926 479 1991 7,
502 1925 528 1980 4.
553 1928 676 1997 scripsit:
706 1932 786 1999 quasi
811 1945 877 1981 vero
902 1927 941 1982 ad
966 1944 1130 1998 cognoscen-

151 2014 216 2070 dum
235 2030 286 2085 ego
301 2012 346 2079 sad
363 2004 446 2076 illos,
468 2030 529 2068 teon·
543 2011 591 2070 iili
608 2013 647 2068 ad
666 2031 708 2069 me
726 2016 821 2069 venire
837 2006 991 2067 debuerint.

164 2132 205 2195 [l.
252 2138 282 2197 1.
312 2131 408 2198 Nono
441 2132 482 2194 ad
503 2115 602 2198 nsunt
634 2131 813 2218 particulae
837 2132 871 2197 io
895 2127 1130 2216 coniungendis

97 2218 247 2306 cotentiis
272 2215 564 2301 transgrediamur.
607 2217 716 2305 Atque
740 2217 813 2299 ille,
844 2217 996 2307 quentin
1015 2216 1131 2280 notio·
1229 2280 1230 2283 ,

97 2293 193 2367 sidus
204 2298 396 2401 &rolendis
423 2301 592 2391 hucusque
611 2302 929 2378 demonstravimus,
951 2323 1056 2365 nexus
1074 2323 1131 2364 ae-

97 2390 244 2480 [uolitans
268 2389 356 2455 idem
373 2388 470 2453 'inter
494 2387 574 2455 duas
597 2388 775 2455 sententias
794 2388 909 2455 locum
932 2386 1049 2465 habet,
1073 2386 1131 2452 ubi
1288 2457 1292 2463 ,

97 2486 138 2539 nt
168 2474 276 2550 alteri,
310 2494 391 2561 quae
407 2474 574 2563 sequitur,
604 2475 775 2560 aequalem
794 2475 862 2549 vim
881 2486 914 2538 et
937 2472 1133 2559 dignitatem
1209 2535 1211 2537 ,
1267 2472 1280 2499 ³

97 2561 277 2640 uberimus,
310 2569 366 2623 aut
389 2559 591 2627 alteratum
608 2560 708 2627 altera
728 2560 833 2647 priori
848 2581 978 2626 caussae
993 2560 1133 2638 ratione,
1165 2577 1166 2581 ’

97 2647 135 2714 ἐἰ
159 2646 321 2732 temporis
348 2646 599 2724 continuitate„
615 2645 666 2711 vel
689 2645 982 2736 argumentationis
1012 2666 1133 2709 conse-

97 2733 244 2823 [untione
266 2730 430 2799 cohaeret.
475 2731 587 2815 Quare
602 2732 739 2818 ponitur
761 2748 891 2814 ATQvE·
907 2731 940 2793 in
963 2728 1061 2793 robus
1082 2729 1133 2797 vel

97 2817 245 2904 exemplis
265 2816 361 2883 unios
407 2818 511 2881 oneris
535 2816 867 2904 comprehendendis.
910 2811 1167 2881 Notescent?
1213 2877 1218 2885 ,

97 2902 141 2971 the
199 2927 237 2980 o,
283 2925 307 2968 o
347 2925 490 2969 censo.
549 2903 761 2967 dinterdum
783 2900 912 2990 gravius
936 2901 1134 2991 exprimitur

97 2990 203 3056 tdditis
220 2987 326 3056 verbis
343 2986 411 3071 sic,
437 2987 598 3058 similiter
614 2999 646 3055 et
662 2989 749 3057 aliis..

187 3127 294 3181 Terent.
319 3126 415 3199 Hecyr.
440 3123 472 3190 ὅ,
495 3123 529 3189 4,
554 3124 597 3181 18.
623 3143 702 3199 quum
727 3125 890 3194 Pamphilus*
912 3123 1036 3187 dixisset,
1062 3124 1134 3175 anti·

154 3230 237 3288 quarn
261 3209 333 3282 adeo
356 3224 435 3266 tuam
465 3215 641 3268 venustatem
673 3208 792 3271 obtines.
819 3209 927 3260 Bacchis
959 3210 1012 3260 ait:
1037 3210 1079 3262 Ac
1102 3219 1143 3262 tu·

153 3307 260 3352 ecastor
284 3313 386 3352 morem
416 3301 561 3369 antiquum
591 3307 676 3368 atque
699 3297 840 3366 ingenium
860 3292 976 3349 obtines.
994 3295 1011 3347 i.
1033 3312 1055 3345 e.
1071 3295 1135 3344 item

155 3392 194 3447 tn,
230 3380 284 3435 Cic.
302 3382 335 3432 de
353 3383 417 3449 Lag.
435 3382 469 3446 2,
490 3383 539 3446 10,
557 3378 601 3437 24·
620 3392 705 3451 atque
730 3377 797 3435 haec
818 3399 879 3433 mea
898 3379 1009 3452 quidem
1029 3390 1135 3433 senten·

111 3484 114 3489 ’
158 3471 200 3523 tia
217 3476 268 3521 est.
302 3462 369 3520 eben
393 3483 425 3522 so
447 3469 485 3522 ist
510 3469 599 3542 meino
622 3466 775 3541 Meinnng.
809 3464 841 3516 de
860 3469 934 3520 Orat.
954 3464 988 3527 3,
1007 3463 1058 3529 47,
1077 3462 1136 3519 188.

156 3554 209 3606 Cic.
229 3552 262 3603 de
280 3554 380 3606 invent.
402 3552 436 3614 2,
452 3549 506 3616 52,
527 3550 588 3608 157.
609 3551 737 3608 enarratis
756 3567 845 3605 rernm
861 3549 1066 3618 expetendarum
1084 3567 1134 3616 ge·

155 3638 281 3701 neribus,
303 3637 391 3692 addit:
417 3625 502 3709 atque
519 3655 553 3690 ets
574 3636 617 3693 tn's
633 3636 729 3693 horum
748 3635 889 3692 contraria
905 3630 1018 3704 facile,
1045 3643 1136 3704 tacere·

157 3721 231 3780 tibus
250 3717 348 3784 nobis,
367 3721 566 3798 intelligentur.
583 3724 603 3778 i.
620 3742 642 3778 e.
663 3721 778 3786 etitem,
793 3731 821 3776 et
840 3736 930 3788 aeque.
963 3718 1050 3774 Tacit.
1068 3723 1136 3772 Anu.
1224 3753 1226 3756 -

156 3808 191 3872 1,
208 3804 251 3858 47.
271 3823 339 3877 qnos
356 3810 442 3879 igitur
459 3805 637 3885 anteferret?
662 3827 712 3870 ac,
738 3823 773 3860 ne
791 3805 947 3877 postpositi
966 3801 1138 3858 contumelia

158 3890 375 3948 incenderentur.
409 3895 522 3950 Wolfius
542 3893 656 3951 mirabili
674 3891 818 3947 subtilitate
841 3889 920 3942 haec:
940 3907 992 3951 „ac
1009 3889 1137 3942 insertum
1216 3893 1218 3899 '

159 3989 217 4041 est,
235 3989 264 4032 ut
283 3977 375 4043 melios
392 3977 654 4047 distinguantur'doo
680 3986 824 4029 momentat
849 3973 960 4042 primunt
978 3973 1052 4043 optio
1070 3973 1137 4043 ipsa,

160 4075 215 4120 tum
232 4068 345 4118 metus.“
381 4064 433 4115 Cur
451 4075 536 4120 antem
557 4067 595 4116 ita
610 4062 823 4139 distinguantur,
845 4059 891 4109 illo
909 4077 962 4111 non
981 4058 1066 4120 dixit,
1084 4077 1135 4109 ne-

162 4169 213 4225 que
237 4149 315 4213 etiam
338 4167 391 4224 quo
413 4150 495 4206 modo
513 4151 571 4208 fieri
588 4147 705 4225 potuerit
723 4144 857 4201 distinctio
876 4162 924 4217 per
939 4161 980 4197 ac.
1013 4144 1066 4197 Sed
1085 4143 1136 4197 ert·
