2618 4770
143 318 208 387 588
593 314 762 383 AVTEM.

227 477 280 539 11.
311 469 378 539 Vbi
391 467 551 545 vocabula
567 480 683 535 autem
705 481 768 534 arat

142 562 399 628 alterumutrum
412 556 533 620 criticis
549 568 742 642 suspectum
752 493 931 623 ridebatur.
953 563 1194 631 vid.G0erenz,

131 646 267 727 edilia.
285 645 325 708 de
339 642 409 707 Fin.
426 665 459 729 p.
475 644 548 706 287.
569 644 612 707 At
635 651 762 707 tantum
779 643 886 719 obest,
902 657 939 708 ut
952 647 1102 715 librarii,
1119 651 1193 717 haec

139 732 345 809 tribuamus,
367 749 450 814 quae
467 726 595 812 saepius
614 728 650 790 in
667 728 832 792 Ciceronis
854 731 947 795 libris
973 755 1047 798 non
1073 737 1192 802 discre-

165 818 253 883 unlia
269 815 434 880 librorum
447 812 545 875 dubia
570 825 767 894 occurrunt,
789 825 826 877 ut
842 839 878 880 ea
894 817 936 881 ud
956 823 1191 906 proprietatem

136 838 237 971 Euius
254 896 318 966 scri
343 900 424 962 toris
437 896 620 961 referamus
628 946 639 981 ,
655 899 713 985 qui
726 900 941 967 similitudine
954 925 1083 971 vocum
1098 912 1189 975 etjam

137 991 176 1057 in
193 989 264 1055 nliis
284 924 515 1050 deiectabatur.

815 472 947 540 roxime
963 496 1001 540 se
1017 479 1195 567 attingunt,

252 1108 349 1175 Philip.
370 1103 417 1167 12,
435 1103 470 1169 9,
486 1101 531 1157 23.
552 1102 578 1158 si
594 1114 688 1158 autem
706 1116 758 1159 aut
775 1103 853 1163 domi
869 1118 979 1163 estete.
1013 1110 1052 1165 de
1070 1114 1127 1166 Fin.
1142 1133 1187 1167 no·

202 1192 360 1249 bisantem
378 1180 505 1244 aat'vtx.
542 1188 575 1241 de
596 1190 674 1244 offic.
698 1191 734 1259 1,
756 1190 791 1260 3,
815 1192 841 1246 9.
869 1204 927 1247 tum
945 1207 1044 1251 autem
1070 1210 1117 1251 aut
1139 1221 1186 1254 an·

204 1282 325 1350 quirunt.
360 1276 406 1329 ubl
427 1274 577 1327 uernhsrd.
600 1275 679 1328 eiecit
695 1288 798 1333 autem.
831 1282 872 1333 De
886 1282 947 1334 loco
968 1286 1046 1336 Oret.
1064 1282 1184 1355 84,121,

167 1418 172 1431 ,
204 1364 267 1418 ride
282 1381 361 1433 supra
382 1382 408 1431 p.
425 1360 487 1437 567.
514 1354 517 1359 ’

218 1469 239 1509 ⁴¹
263 1465 549 1555 compendiorum
564 1466 743 1532 similitudo
761 1468 951 1555 saepissime
966 1467 1125 1535 librarios
1140 1471 1185 1537 le-

131 1542 237 1634 follit,
267 1563 307 1616 ut
337 1566 453 1617 uatem
489 1573 565 1616 cum
595 1552 665 1617 aliis
700 1542 893 1618 nominibus
931 1552 1183 1622 confunderent.

133 1637 384 1725 compendium
400 1643 422 1702 5
436 1634 564 1703 notavit
579 1638 749 1704 Drakenb.
768 1637 809 1703 ad
827 1640 898 1704 Liv.
912 1646 951 1718 2,
975 1646 1038 1721 26,
1062 1648 1113 1707 12.
1136 1649 1182 1723 21,

134 1724 197 1807 40,
220 1731 271 1790 11.
316 1724 368 1787 01>
387 1724 536 1788 eamdem
554 1739 702 1799 caussam
725 1746 821 1811 saepe
846 1726 965 1790 excidit
987 1733 1067 1814 post
1090 1751 1182 1792 voca-

130 1810 201 1877 lem
225 1835 261 1876 5.
288 1809 356 1875 vid.
375 1810 539 1875 Goereuz.
565 1811 605 1874 ad
632 1809 701 1873 Cio.
725 1810 826 1874 Acad.
853 1816 882 1875 1.
905 1835 939 1898 p.
965 1811 1020 1877 56.
1061 1812 1101 1877 55
1116 1815 1181 1879 Fin.

158 1942 168 1961 .
195 1901 269 1961 178.
298 1896 372 1961 441.
403 1892 626 1960 confunditur
646 1917 744 1981 saepe
761 1900 854 1961 onte.
885 1898 950 1962 vid.
973 1899 1118 1985 interpr.
1145 1900 1181 1964 ad

131 1920 239 2049 itaut.
258 1982 330 2046 Cas.
349 1980 435 2067 prol.
451 1984 483 2045 8.
503 1980 671 2044 Drakenb.
695 1982 736 2045 ad
752 1974 822 2045 Liv.
845 1980 882 2061 6,
906 1986 963 2065 17,
989 1989 1023 2048 8.
1050 1990 1109 2066 27,
1133 1986 1180 2065 85,

130 2068 166 2133 7.
189 2079 261 2133 out.
279 2064 346 2132 rid.
364 2089 398 2152 p.
416 2070 556 2149 55851.
577 2065 642 2129 vid.
658 2064 764 2131 Tacit.
780 2062 893 2150 Germ.
909 2074 939 2132 2.
963 2081 1027 2133 ont
1047 2082 1093 2133 nt.
1117 2072 1179 2134 Cic.

132 2148 175 2220 de
193 2152 274 2239 Leg.
294 2158 332 2231 1,
347 2154 387 2233 7,
409 2158 463 2217 28.
486 2149 732 2238 Compendium
748 2146 856 2217 simile
873 2163 920 2217 est
935 2155 970 2217 in
985 2155 1181 2241 quibusdam

130 2239 225 2305 libris
251 2238 429 2303 verborum
453 2248 585 2311 autem,
607 2235 720 2319 enim,
735 2236 854 2317 lenius,
878 2238 919 2302 de
943 2262 1007 2325 qua
1035 2264 1072 2305 re
1102 2240 1181 2305 dixit

128 2322 323 2389 Wunderus
347 2323 383 2388 in
403 2324 481 2387 Var.
511 2322 585 2386 lect.
619 2318 694 2385 eod.
725 2320 851 2387 Erfurt.
873 2345 908 2409 p.
932 2326 985 2389 85.
1008 2328 1063 2390 87.
1096 2327 1180 2391 conf.

128 2406 324 2497 Wopkens.
347 2406 436 2472 Lect.
459 2406 548 2470 Tull.
567 2412 618 2471 90.
636 2406 718 2495 (64.)
741 2408 1041 2473 Commutav'erunt
1059 2412 1179 2477 scribae

127 2506 161 2559 et
178 2493 435 2580 interpolatores
453 2493 614 2556 vocabula
629 2494 722 2557 item.
744 2493 809 2557 vid.
827 2495 981 2580 Heusing.
996 2497 1039 2560 55
1057 2499 1125 2562 Cic.
1143 2499 1179 2562 de

128 2578 199 2677 Qff.
217 2585 255 2658 1,
275 2583 312 2656 4,
334 2582 366 2641 2.
386 2574 428 2659 8,
449 2582 490 2657 8,
515 2580 566 2641 18.
585 2574 702 2643 etium.
727 2572 797 2676 Cic..
807 2602 841 2665 p.
860 2580 936 2678 Mil.
948 2584 1001 2659 34,
1017 2583 1070 2647 92.
1095 2584 1180 2646 Heu·

75 2802 78 2807 ,
125 2656 1178 2833 5555585155.8511155858

129 2840 169 2911 1,
195 2840 225 2899 1.
277 2832 329 2898 De
352 2832 511 2919 particula
530 2831 704 2897 alibrariis
726 2844 851 2898 temere
878 2837 1001 2900 adiecta
1027 2836 1179 2906 dixerunt

127 2916 262 2986 (lortius
282 2919 323 2982 55
340 2918 423 2983 Plin.
439 2920 502 3004 Ep.
525 2918 563 2993 5,
587 2924 625 2997 9,
650 2926 680 2983 2.
703 2920 871 2984 Drakenb.
897 2921 936 2984 ad
954 2920 1026 2988 Liv.
1042 2932 1105 3006 21,
1129 2932 1178 3007 40,

127 3011 181 3071 11.
203 3010 242 3086 7,
263 3005 324 3085 41,
347 3008 377 3068 8.
404 3006 561 3089 Heusing.
582 3014 613 3067 et
633 3004 816 3071 Geruhard.
841 3005 880 3069 55
905 3007 972 3071 Cic.
997 3012 1039 3074 55
1062 3010 1129 3076 Off.
1148 3020 1176 3093 1,

124 3096 187 3171 31,
210 3092 242 3154 7.
265 3094 305 3167 8,
328 3094 390 3167 29,
415 3091 465 3153 14.
500 3086 661 3154 Goerenz.
689 3091 728 3155 ad
755 3092 823 3155 Gio.
847 3093 946 3155 Aead.
972 3099 1003 3159 2.
1028 3099 1082 3161 76.
1107 3101 1175 3162 148.

153 3170 253 3241 .287.
281 3174 321 3238 55
345 3172 415 3238 Fin.
439 3197 474 3260 p.
495 3176 548 3239 55.
575 3174 627 3240 85.
649 3180 701 3240 88.
723 3176 797 3241 575.
835 3174 987 3264 Sigonius
1011 3205 1113 3273 saepe
1134 3185 1177 3250 ita

123 3199 256 3331 iiivium
272 3259 496 3349 interpolavit.
526 3260 592 3329 vid.
609 3263 648 3348 4,
671 3267 710 3345 6,
732 3267 762 3328 6.
789 3268 850 3347 21,
873 3268 934 3349 28,
956 3269 988 3331 8.
