<?xml version="1.0" encoding="UTF-8"?>
<!DOCTYPE html PUBLIC "-//W3C//DTD XHTML 1.0 Transitional//EN"
    "http://www.w3.org/TR/xhtml1/DTD/xhtml1-transitional.dtd">
<html xmlns="http://www.w3.org/1999/xhtml" xml:lang="en" lang="en">
 <head>
  <title>
</title>
<meta http-equiv="Content-Type" content="text/html;charset=utf-8" />
  <meta name='ocr-system' content='tesseract 3.04.00' />
  <meta name='ocr-capabilities' content='ocr_page ocr_carea ocr_par ocr_line ocrx_word'/>
</head>
<body>
  <div class='ocr_page' id='page_1' title='image "./tursellinusseud03handgoog_0393.png"; bbox 0 0 2618 4770; ppageno 0'>
   <div class='ocr_carea' id='block_1_1' title="bbox 134 246 935 369">
    <p class='ocr_par' dir='ltr' id='par_1_1' title="bbox 134 246 935 369">
     <span class='ocr_line' id='line_1_1' title="bbox 134 246 935 369; baseline -0.016 -1"><span class='ocrx_word' id='word_1_1' title='bbox 134 302 198 369; x_wconf 80' lang='lat' dir='ltr'>era</span> <span class='ocrx_word' id='word_1_2' title='bbox 589 284 727 356; x_wconf 75' lang='lat' dir='ltr'>rnre.</span> <span class='ocrx_word' id='word_1_3' title='bbox 774 304 777 311; x_wconf 90' lang='lat'>·</span> <span class='ocrx_word' id='word_1_4' title='bbox 857 276 861 285; x_wconf 83' lang='lat'>&#39;</span> <span class='ocrx_word' id='word_1_5' title='bbox 931 246 935 261; x_wconf 80' lang='grc'><strong>’</strong></span> 
     </span>
    </p>
   </div>
   <div class='ocr_carea' id='block_1_2' title="bbox 134 442 1175 1213">
    <p class='ocr_par' dir='ltr' id='par_1_2' title="bbox 134 442 1175 1213">
     <span class='ocr_line' id='line_1_2' title="bbox 134 442 1172 531; baseline -0.01 -10"><span class='ocrx_word' id='word_1_6' title='bbox 134 449 339 523; x_wconf 80' lang='lat' dir='ltr'>Ruhnken.‚‘</span> <span class='ocrx_word' id='word_1_7' title='bbox 362 456 395 510; x_wconf 90' lang='lat' dir='ltr'>et</span> <span class='ocrx_word' id='word_1_8' title='bbox 410 442 498 531; x_wconf 88' lang='lat' dir='ltr'>apud</span> <span class='ocrx_word' id='word_1_9' title='bbox 512 442 596 506; x_wconf 90' lang='lat' dir='ltr'>Plin.</span> <span class='ocrx_word' id='word_1_10' title='bbox 614 444 749 507; x_wconf 80' lang='lat' dir='ltr'>Histn.</span> <span class='ocrx_word' id='word_1_11' title='bbox 768 442 829 523; x_wconf 82' lang='lat'>35,</span> <span class='ocrx_word' id='word_1_12' title='bbox 852 448 912 524; x_wconf 90' lang='grc'>10,</span> <span class='ocrx_word' id='word_1_13' title='bbox 931 445 993 527; x_wconf 80' lang='grc'>86,</span> <span class='ocrx_word' id='word_1_14' title='bbox 1014 447 1048 509; x_wconf 86' lang='grc'><strong>8.</strong></span> <span class='ocrx_word' id='word_1_15' title='bbox 1072 448 1172 512; x_wconf 85' lang='lat' dir='ltr'>omniu</span> 
     </span>
     <span class='ocr_line' id='line_1_3' title="bbox 135 528 1172 618; baseline -0.011 -13"><span class='ocrx_word' id='word_1_16' title='bbox 135 551 219 605; x_wconf 82' lang='lat' dir='ltr'>onte</span> <span class='ocrx_word' id='word_1_17' title='bbox 242 557 285 600; x_wconf 86' lang='lat' dir='ltr'>ex</span> <span class='ocrx_word' id='word_1_18' title='bbox 310 530 541 599; x_wconf 79' lang='lat' dir='ltr'>emendatione</span> <span class='ocrx_word' id='word_1_19' title='bbox 566 528 746 610; x_wconf 71' lang='lat' dir='ltr'>(leonorii,</span> <span class='ocrx_word' id='word_1_20' title='bbox 775 550 873 615; x_wconf 91' lang='lat' dir='ltr'>quem</span> <span class='ocrx_word' id='word_1_21' title='bbox 894 529 983 594; x_wconf 78' lang='lat' dir='ltr'>vide.</span> <span class='ocrx_word' id='word_1_22' title='bbox 1035 529 1080 595; x_wconf 85' lang='lat' dir='ltr'>Et</span> <span class='ocrx_word' id='word_1_23' title='bbox 1099 534 1172 618; x_wconf 83' lang='lat' dir='ltr'>qnod</span> 
     </span>
     <span class='ocr_line' id='line_1_4' title="bbox 135 614 1172 704; baseline -0.007 -14"><span class='ocrx_word' id='word_1_24' title='bbox 135 627 183 690; x_wconf 84' lang='lat' dir='ltr'>ad&#39;</span> <span class='ocrx_word' id='word_1_25' title='bbox 198 619 370 687; x_wconf 84' lang='lat' dir='ltr'>accusativi</span> <span class='ocrx_word' id='word_1_26' title='bbox 393 625 592 703; x_wconf 85' lang='lat' dir='ltr'>potestatem</span> <span class='ocrx_word' id='word_1_27' title='bbox 618 615 752 697; x_wconf 86' lang='lat' dir='ltr'>attinet,</span> <span class='ocrx_word' id='word_1_28' title='bbox 783 614 937 700; x_wconf 85' lang='lat' dir='ltr'>equidem</span> <span class='ocrx_word' id='word_1_29' title='bbox 958 637 1032 681; x_wconf 90' lang='lat' dir='ltr'>non</span> <span class='ocrx_word' id='word_1_30' title='bbox 1055 617 1172 704; x_wconf 82' lang='lat' dir='ltr'>ignaru</span> 
     </span>
     <span class='ocr_line' id='line_1_5' title="bbox 135 699 1172 786; baseline -0.009 -10"><span class='ocrx_word' id='word_1_31' title='bbox 135 732 210 776; x_wconf 86' lang='lat' dir='ltr'>sum</span> <span class='ocrx_word' id='word_1_32' title='bbox 228 727 346 770; x_wconf 87' lang='lat' dir='ltr'>eorum</span> <span class='ocrx_word' id='word_1_33' title='bbox 369 702 596 777; x_wconf 87' lang='lat' dir='ltr'>decretorum,</span> <span class='ocrx_word' id='word_1_34' title='bbox 621 700 739 785; x_wconf 88' lang='lat' dir='ltr'>quibus</span> <span class='ocrx_word' id='word_1_35' title='bbox 762 721 866 786; x_wconf 89' lang='lat' dir='ltr'>quum</span> <span class='ocrx_word' id='word_1_36' title='bbox 893 699 947 765; x_wconf 89' lang='lat' dir='ltr'>alii</span> <span class='ocrx_word' id='word_1_37' title='bbox 970 704 1172 785; x_wconf 83' lang='lat' dir='ltr'>grammatici,</span> 
     </span>
     <span class='ocr_line' id='line_1_6' title="bbox 135 785 1172 878; baseline -0.008 -17"><span class='ocrx_word' id='word_1_38' title='bbox 135 788 208 860; x_wconf 85' lang='lat' dir='ltr'>turn¹</span> <span class='ocrx_word' id='word_1_39' title='bbox 232 812 340 878; x_wconf 84' lang='lat' dir='ltr'>nuper</span> <span class='ocrx_word' id='word_1_40' title='bbox 357 786 514 850; x_wconf 87' lang='lat' dir='ltr'>Wiillner</span> <span class='ocrx_word' id='word_1_41' title='bbox 529 785 668 851; x_wconf 86' lang='lat' dir='ltr'>inlibro</span> <span class='ocrx_word' id='word_1_42' title='bbox 691 785 732 849; x_wconf 88' lang='lat' dir='ltr'>de</span> <span class='ocrx_word' id='word_1_43' title='bbox 757 786 893 849; x_wconf 80' lang='lat' dir='ltr'>Casibus</span> <span class='ocrx_word' id='word_1_44' title='bbox 918 795 951 849; x_wconf 92' lang='lat' dir='ltr'>et</span> <span class='ocrx_word' id='word_1_45' title='bbox 967 787 1098 851; x_wconf 80' lang='lat' dir='ltr'>modis·</span> <span class='ocrx_word' id='word_1_46' title='bbox 1111 812 1172 876; x_wconf 84' lang='lat' dir='ltr'>ger-</span> 
     </span>
     <span class='ocr_line' id='line_1_7' title="bbox 136 871 1173 959; baseline -0.007 -15"><span class='ocrx_word' id='word_1_47' title='bbox 136 878 263 949; x_wconf 77' lang='lat' dir='ltr'>manice</span> <span class='ocrx_word' id='word_1_48' title='bbox 294 874 418 959; x_wconf 89' lang='lat' dir='ltr'>scripto</span> <span class='ocrx_word' id='word_1_49' title='bbox 455 894 490 957; x_wconf 88' lang='lat' dir='ltr'>p.</span> <span class='ocrx_word' id='word_1_50' title='bbox 514 874 567 935; x_wconf 85' lang='grc'><strong>52.</strong></span> <span class='ocrx_word' id='word_1_51' title='bbox 604 871 736 947; x_wconf 89' lang='lat' dir='ltr'>docuit,</span> <span class='ocrx_word' id='word_1_52' title='bbox 784 871 968 935; x_wconf 88' lang='lat' dir='ltr'>accusativo</span> <span class='ocrx_word' id='word_1_53' title='bbox 1008 894 1082 936; x_wconf 88' lang='lat' dir='ltr'>non</span> <span class='ocrx_word' id='word_1_54' title='bbox 1122 875 1173 938; x_wconf 89' lang='lat' dir='ltr'>nisi</span> 
     </span>
     <span class='ocr_line' id='line_1_8' title="bbox 136 956 1173 1050; baseline -0.008 -18"><span class='ocrx_word' id='word_1_55' title='bbox 136 962 296 1050; x_wconf 86' lang='lat' dir='ltr'>temporis</span> <span class='ocrx_word' id='word_1_56' title='bbox 328 959 582 1045; x_wconf 68' lang='lat' dir='ltr'>perpetuitatem</span> <span class='ocrx_word' id='word_1_57' title='bbox 616 956 775 1037; x_wconf 87' lang='lat' dir='ltr'>indicari,</span> <span class='ocrx_word' id='word_1_58' title='bbox 816 967 853 1018; x_wconf 91' lang='lat' dir='ltr'>ut</span> <span class='ocrx_word' id='word_1_59' title='bbox 878 979 1015 1041; x_wconf 84' lang='lat' dir='ltr'>paucos</span> <span class='ocrx_word' id='word_1_60' title='bbox 1058 979 1173 1024; x_wconf 80' lang='lat' dir='ltr'>meuses</span> 
     </span>
     <span class='ocr_line' id='line_1_9' title="bbox 135 1040 1175 1130; baseline -0.008 -14"><span class='ocrx_word' id='word_1_61' title='bbox 135 1055 164 1117; x_wconf 84' lang='lat' dir='ltr'>si</span> <span class='ocrx_word' id='word_1_62' title='bbox 185 1048 333 1113; x_wconf 84' lang='lat' dir='ltr'>nificaret</span> <span class='ocrx_word' id='word_1_63' title='bbox 356 1064 566 1130; x_wconf 86' lang='lat' dir='ltr'>perpaucos</span> <span class='ocrx_word' id='word_1_64' title='bbox 599 1064 742 1105; x_wconf 89' lang='lat' dir='ltr'>menses.</span> <span class='ocrx_word' id='word_1_65' title='bbox 799 1041 863 1105; x_wconf 87' lang='lat' dir='ltr'>Sed</span> <span class='ocrx_word' id='word_1_66' title='bbox 888 1042 998 1106; x_wconf 85' lang='lat' dir='ltr'>Latini</span> <span class='ocrx_word' id='word_1_67' title='bbox 1031 1040 1175 1109; x_wconf 86' lang='lat' dir='ltr'>dixerunt</span> 
     </span>
     <span class='ocr_line' id='line_1_10' title="bbox 137 1076 1173 1213; baseline -0.008 -12"><span class='ocrx_word' id='word_1_68' title='bbox 137 1076 260 1202; x_wconf 73' lang='lat' dir='ltr'>altino</span> <span class='ocrx_word' id='word_1_69' title='bbox 275 1129 361 1193; x_wconf 79' lang='lat' dir='ltr'>duos</span> <span class='ocrx_word' id='word_1_70' title='bbox 377 1150 486 1191; x_wconf 81' lang='lat' dir='ltr'>anuos</span> <span class='ocrx_word' id='word_1_71' title='bbox 501 1137 672 1207; x_wconf 85' lang='lat' dir='ltr'>mortuns,</span> <span class='ocrx_word' id='word_1_72' title='bbox 703 1124 856 1213; x_wconf 81' lang='lat' dir='ltr'>triginta</span> <span class='ocrx_word' id='word_1_73' title='bbox 879 1150 989 1191; x_wconf 84' lang='lat' dir='ltr'>annos</span> <span class='ocrx_word' id='word_1_74' title='bbox 1008 1139 1129 1210; x_wconf 72' lang='lat' dir='ltr'>nutris,</span> <span class='ocrx_word' id='word_1_75' title='bbox 1148 1140 1173 1194; x_wconf 92' lang='lat' dir='ltr'>et</span> 
     </span>
    </p>
   </div>
   <div class='ocr_carea' id='block_1_3' title="bbox 35 1212 1172 1295">
    <p class='ocr_par' dir='ltr' id='par_1_3' title="bbox 35 1212 1172 1295">
     <span class='ocr_line' id='line_1_11' title="bbox 35 1212 1172 1295; baseline -0.028 -6"><span class='ocrx_word' id='word_1_76' title='bbox 35 1278 39 1287; x_wconf 90' lang='lat'>.</span> <span class='ocrx_word' id='word_1_77' title='bbox 61 1284 64 1291; x_wconf 84' lang='grc'><strong>,</strong></span> <span class='ocrx_word' id='word_1_78' title='bbox 135 1220 252 1287; x_wconf 83' lang='lat' dir='ltr'>Graeci</span> <span class='ocrx_word' id='word_1_79' title='bbox 267 1216 384 1289; x_wconf 84' lang='lat' dir='ltr'>eodem</span> <span class='ocrx_word' id='word_1_80' title='bbox 405 1212 511 1277; x_wconf 89' lang='lat' dir='ltr'>modo</span> <span class='ocrx_word' id='word_1_81' title='bbox 533 1213 584 1274; x_wconf 76' lang='grc' dir='ltr'>καὶ</span> <span class='ocrx_word' id='word_1_82' title='bbox 605 1214 681 1295; x_wconf 78' lang='grc' dir='ltr'>χθὲς</span> <span class='ocrx_word' id='word_1_83' title='bbox 695 1213 790 1277; x_wconf 75' lang='lat' dir='ltr'>dinei</span> <span class='ocrx_word' id='word_1_84' title='bbox 805 1216 908 1295; x_wconf 79' lang='grc' dir='ltr'><strong><em>τρίτην</em></strong></span> <span class='ocrx_word' id='word_1_85' title='bbox 921 1212 1038 1295; x_wconf 63' lang='grc' dir='ltr'><strong><em>ἡμέραν</em></strong></span> <span class='ocrx_word' id='word_1_86' title='bbox 1062 1212 1096 1279; x_wconf 64' lang='grc' dir='ltr'>τὰ</span> <span class='ocrx_word' id='word_1_87' title='bbox 1112 1213 1172 1280; x_wconf 57' lang='grc' dir='ltr'>αὖρᾶ</span> 
     </span>
    </p>
   </div>
   <div class='ocr_carea' id='block_1_4' title="bbox 48 1299 1174 1904">
    <p class='ocr_par' dir='ltr' id='par_1_4' title="bbox 48 1299 1174 1904">
     <span class='ocr_line' id='line_1_12' title="bbox 48 1299 1172 1388; baseline 0.005 -27"><span class='ocrx_word' id='word_1_88' title='bbox 48 1350 55 1361; x_wconf 90' lang='grc'><strong>.</strong></span> <span class='ocrx_word' id='word_1_89' title='bbox 134 1312 224 1371; x_wconf 72' lang='grc' dir='ltr'><strong>τοῦτο</strong></span> <span class='ocrx_word' id='word_1_90' title='bbox 242 1305 397 1387; x_wconf 76' lang='grc' dir='ltr'><strong><em>ἔπραττον.</em></strong></span> <span class='ocrx_word' id='word_1_91' title='bbox 415 1299 647 1386; x_wconf 65' lang='grc' dir='ltr'><strong>Χεη.,(]γτορ.</strong></span> <span class='ocrx_word' id='word_1_92' title='bbox 664 1303 703 1371; x_wconf 80' lang='grc'>6,1</span> <span class='ocrx_word' id='word_1_93' title='bbox 722 1304 760 1371; x_wconf 80' lang='grc'>8,</span> <span class='ocrx_word' id='word_1_94' title='bbox 787 1304 837 1361; x_wconf 89' lang='grc'><strong>11.</strong></span> <span class='ocrx_word' id='word_1_95' title='bbox 860 1299 1172 1388; x_wconf 85' lang='lat' dir='ltr'>Demosth.Olyntb.</span> 
     </span>
     <span class='ocr_line' id='line_1_13' title="bbox 136 1376 1172 1479; baseline 0.005 -33"><span class='ocrx_word' id='word_1_96' title='bbox 136 1399 168 1458; x_wconf 66' lang='lat'>2„</span> <span class='ocrx_word' id='word_1_97' title='bbox 184 1393 281 1479; x_wconf 58' lang='lat' dir='ltr'>pao.</span> <span class='ocrx_word' id='word_1_98' title='bbox 301 1387 462 1467; x_wconf 62' lang='grc' dir='ltr'><strong>μέμνησθε,</strong></span> <span class='ocrx_word' id='word_1_99' title='bbox 484 1376 820 1467; x_wconf 55' lang='lat' dir='ltr'>desponsaverat,</span> <span class='ocrx_word' id='word_1_100' title='bbox 837 1376 880 1448; x_wconf 62' lang='grc' dir='ltr'>ὅς’</span> <span class='ocrx_word' id='word_1_101' title='bbox 895 1379 1071 1468; x_wconf 52' lang='lat' dir='ltr'>tapetes</span> <span class='ocrx_word' id='word_1_102' title='bbox 1083 1390 1172 1451; x_wconf 64' lang='lat' dir='ltr'>oue</span> 
     </span>
     <span class='ocr_line' id='line_1_14' title="bbox 135 1466 1172 1556; baseline -0.001 -18"><span class='ocrx_word' id='word_1_103' title='bbox 135 1502 193 1551; x_wconf 70' lang='lat' dir='ltr'>uoq</span> <span class='ocrx_word' id='word_1_104' title='bbox 212 1472 287 1556; x_wconf 67' lang='grc' dir='ltr'><em>ὑμῖν</em></span> <span class='ocrx_word' id='word_1_105' title='bbox 310 1474 343 1536; x_wconf 70' lang='grc' dir='ltr'>ἐν</span> <span class='ocrx_word' id='word_1_106' title='bbox 371 1466 475 1552; x_wconf 74' lang='grc' dir='ltr'><strong><em>Θράκῃ</em></strong></span> <span class='ocrx_word' id='word_1_107' title='bbox 500 1471 601 1552; x_wconf 76' lang='grc' dir='ltr'><strong><em>τρίτον</em></strong></span> <span class='ocrx_word' id='word_1_108' title='bbox 631 1467 652 1551; x_wconf 79' lang='grc' dir='ltr'><em>ἢ</em></span> <span class='ocrx_word' id='word_1_109' title='bbox 682 1470 823 1549; x_wconf 77' lang='grc' dir='ltr'><strong><em>τέταρτον</em></strong></span> <span class='ocrx_word' id='word_1_110' title='bbox 853 1470 920 1544; x_wconf 71' lang='lat' dir='ltr'>l‘roe</span> <span class='ocrx_word' id='word_1_111' title='bbox 946 1472 1040 1534; x_wconf 75' lang='grc' dir='ltr'><strong>τουτί.</strong></span> <span class='ocrx_word' id='word_1_112' title='bbox 1092 1472 1172 1553; x_wconf 83' lang='lat' dir='ltr'>Ques</span> 
     </span>
     <span class='ocr_line' id='line_1_15' title="bbox 136 1554 1174 1643; baseline -0.007 -15"><span class='ocrx_word' id='word_1_113' title='bbox 136 1561 248 1628; x_wconf 87' lang='lat' dir='ltr'>omnia</span> <span class='ocrx_word' id='word_1_114' title='bbox 265 1560 300 1622; x_wconf 91' lang='lat' dir='ltr'>in</span> <span class='ocrx_word' id='word_1_115' title='bbox 317 1579 357 1620; x_wconf 90' lang='lat' dir='ltr'>eo</span> <span class='ocrx_word' id='word_1_116' title='bbox 379 1554 596 1633; x_wconf 87' lang='lat' dir='ltr'>conveniunt,</span> <span class='ocrx_word' id='word_1_117' title='bbox 616 1555 707 1640; x_wconf 92' lang='lat' dir='ltr'>quod</span> <span class='ocrx_word' id='word_1_118' title='bbox 725 1554 919 1618; x_wconf 81' lang='lat' dir='ltr'>antecedens</span> <span class='ocrx_word' id='word_1_119' title='bbox 937 1565 1070 1643; x_wconf 88' lang='lat' dir='ltr'>tempus</span> <span class='ocrx_word' id='word_1_120' title='bbox 1088 1580 1174 1639; x_wconf 76' lang='lat' dir='ltr'>trecte-¹</span> 
     </span>
     <span class='ocr_line' id='line_1_16' title="bbox 136 1639 1169 1729; baseline -0.006 -16"><span class='ocrx_word' id='word_1_121' title='bbox 136 1639 240 1713; x_wconf 84' lang='lat' dir='ltr'>satiro</span> <span class='ocrx_word' id='word_1_122' title='bbox 256 1643 444 1727; x_wconf 86' lang='lat' dir='ltr'>designatur</span> <span class='ocrx_word' id='word_1_123' title='bbox 460 1651 658 1726; x_wconf 86' lang='lat' dir='ltr'>propterea,</span> <span class='ocrx_word' id='word_1_124' title='bbox 690 1639 765 1726; x_wconf 88' lang='lat' dir='ltr'>quia</span> <span class='ocrx_word' id='word_1_125' title='bbox 786 1649 920 1704; x_wconf 88' lang='lat' dir='ltr'>eventus</span> <span class='ocrx_word' id='word_1_126' title='bbox 936 1643 986 1706; x_wconf 87' lang='lat' dir='ltr'>rei</span> <span class='ocrx_word' id='word_1_127' title='bbox 1007 1642 1169 1729; x_wconf 87' lang='lat' dir='ltr'>aliquando</span> 
     </span>
     <span class='ocr_line' id='line_1_17' title="bbox 134 1725 1169 1816; baseline -0.005 -17"><span class='ocrx_word' id='word_1_128' title='bbox 134 1735 240 1801; x_wconf 83' lang='lat' dir='ltr'>factae</span> <span class='ocrx_word' id='word_1_129' title='bbox 256 1751 317 1816; x_wconf 90' lang='lat' dir='ltr'>per</span> <span class='ocrx_word' id='word_1_130' title='bbox 331 1726 567 1812; x_wconf 84' lang='lat' dir='ltr'>interpositum</span> <span class='ocrx_word' id='word_1_131' title='bbox 582 1739 713 1815; x_wconf 85' lang='lat' dir='ltr'>tempus</span> <span class='ocrx_word' id='word_1_132' title='bbox 731 1726 851 1808; x_wconf 82' lang='lat' dir='ltr'>valuit,</span> <span class='ocrx_word' id='word_1_133' title='bbox 868 1725 1024 1813; x_wconf 88' lang='lat' dir='ltr'>illiusque</span> <span class='ocrx_word' id='word_1_134' title='bbox 1041 1729 1169 1816; x_wconf 85' lang='lat' dir='ltr'>spatium</span> 
     </span>
     <span class='ocr_line' id='line_1_18' title="bbox 134 1813 566 1904; baseline -0.028 -18"><span class='ocrx_word' id='word_1_135' title='bbox 134 1817 339 1904; x_wconf 85' lang='lat' dir='ltr'>conspicitur</span> <span class='ocrx_word' id='word_1_136' title='bbox 357 1813 566 1876; x_wconf 89' lang='lat' dir='ltr'>continuum.</span> 
     </span>
    </p>
   </div>
   <div class='ocr_carea' id='block_1_5' title="bbox 196 1928 1193 2666">
    <p class='ocr_par' dir='ltr' id='par_1_5' title="bbox 196 1928 1193 2666">
     <span class='ocr_line' id='line_1_19' title="bbox 235 1928 1193 2001; baseline 0.004 -16"><span class='ocrx_word' id='word_1_137' title='bbox 235 1936 300 1986; x_wconf 83' lang='lat' dir='ltr'>Plio.</span> <span class='ocrx_word' id='word_1_138' title='bbox 318 1933 385 1985; x_wconf 87' lang='lat' dir='ltr'>Hist.</span> <span class='ocrx_word' id='word_1_139' title='bbox 405 1949 431 1983; x_wconf 93' lang='lat' dir='ltr'>n.</span> <span class='ocrx_word' id='word_1_140' title='bbox 452 1929 502 1994; x_wconf 84' lang='lat'>15,</span> <span class='ocrx_word' id='word_1_141' title='bbox 519 1930 569 1994; x_wconf 87' lang='lat'>18,</span> <span class='ocrx_word' id='word_1_142' title='bbox 586 1930 629 1982; x_wconf 88' lang='grc'><strong>20.</strong></span> <span class='ocrx_word' id='word_1_143' title='bbox 645 1932 727 2001; x_wconf 85' lang='lat' dir='ltr'>atqui</span> <span class='ocrx_word' id='word_1_144' title='bbox 751 1932 862 1984; x_wconf 84' lang='lat' dir='ltr'>tertium</span> <span class='ocrx_word' id='word_1_145' title='bbox 886 1940 954 1989; x_wconf 81' lang='lat' dir='ltr'>aute</span> <span class='ocrx_word' id='word_1_146' title='bbox 981 1928 1057 1988; x_wconf 80' lang='lat' dir='ltr'>diem</span> <span class='ocrx_word' id='word_1_147' title='bbox 1081 1935 1164 1989; x_wconf 77' lang='lat' dir='ltr'>scitote</span> <span class='ocrx_word' id='word_1_148' title='bbox 1187 1930 1193 1943; x_wconf 83' lang='lat'>&#39;</span> 
     </span>
     <span class='ocr_line' id='line_1_20' title="bbox 201 2015 1164 2089; baseline 0.001 -16"><span class='ocrx_word' id='word_1_149' title='bbox 201 2019 361 2089; x_wconf 81' lang='lat' dir='ltr'>decerptam</span> <span class='ocrx_word' id='word_1_150' title='bbox 395 2015 572 2086; x_wconf 80' lang='lat' dir='ltr'>Cartbagine.</span> <span class='ocrx_word' id='word_1_151' title='bbox 599 2015 706 2066; x_wconf 88' lang='lat' dir='ltr'>dubium</span> <span class='ocrx_word' id='word_1_152' title='bbox 733 2026 789 2079; x_wconf 84' lang='lat' dir='ltr'>est,</span> <span class='ocrx_word' id='word_1_153' title='bbox 821 2026 909 2068; x_wconf 87' lang='lat' dir='ltr'>utrum</span> <span class='ocrx_word' id='word_1_154' title='bbox 933 2028 1021 2070; x_wconf 79' lang='lat' dir='ltr'>vertas</span> <span class='ocrx_word' id='word_1_155' title='bbox 1045 2037 1095 2073; x_wconf 83' lang='lat' dir='ltr'>vor</span> <span class='ocrx_word' id='word_1_156' title='bbox 1119 2020 1164 2075; x_wconf 83' lang='lat' dir='ltr'>drei</span> 
     </span>
     <span class='ocr_line' id='line_1_21' title="bbox 208 2096 1162 2176; baseline 0.003 -20"><span class='ocrx_word' id='word_1_157' title='bbox 208 2105 323 2174; x_wconf 72' lang='lat' dir='ltr'>Tagen,</span> <span class='ocrx_word' id='word_1_158' title='bbox 342 2120 375 2153; x_wconf 90' lang='lat' dir='ltr'>an</span> <span class='ocrx_word' id='word_1_159' title='bbox 395 2100 454 2154; x_wconf 72' lang='grc' dir='ltr'>ἄνεί</span> <span class='ocrx_word' id='word_1_160' title='bbox 481 2101 560 2171; x_wconf 84' lang='lat' dir='ltr'>Tage</span> <span class='ocrx_word' id='word_1_161' title='bbox 580 2096 689 2154; x_wconf 84' lang='lat' dir='ltr'>verber.</span> <span class='ocrx_word' id='word_1_162' title='bbox 725 2104 832 2154; x_wconf 84' lang='lat' dir='ltr'>Sueten.</span> <span class='ocrx_word' id='word_1_163' title='bbox 855 2102 1162 2176; x_wconf 79' lang='lat' dir='ltr'>Tiber.61.·scriptaque</span> 
     </span>
     <span class='ocr_line' id='line_1_22' title="bbox 201 2181 1160 2259; baseline 0 -16"><span class='ocrx_word' id='word_1_164' title='bbox 201 2188 327 2249; x_wconf 83' lang='lat' dir='ltr'>abolita,</span> <span class='ocrx_word' id='word_1_165' title='bbox 354 2187 480 2257; x_wconf 86' lang='lat' dir='ltr'>quamuis</span> <span class='ocrx_word' id='word_1_166' title='bbox 499 2181 682 2255; x_wconf 82' lang='lat' dir='ltr'>probarentur</span> <span class='ocrx_word' id='word_1_167' title='bbox 707 2197 775 2239; x_wconf 83' lang='lat' dir='ltr'>ante</span> <span class='ocrx_word' id='word_1_168' title='bbox 792 2184 902 2259; x_wconf 83' lang='lat' dir='ltr'>aliquot</span> <span class='ocrx_word' id='word_1_169' title='bbox 917 2205 1008 2241; x_wconf 83' lang='lat' dir='ltr'>uanos</span> <span class='ocrx_word' id='word_1_170' title='bbox 1025 2193 1106 2243; x_wconf 86' lang='lat' dir='ltr'>etiam</span> <span class='ocrx_word' id='word_1_171' title='bbox 1121 2192 1160 2243; x_wconf 74' lang='lat' dir='ltr'>Aa·</span> 
     </span>
     <span class='ocr_line' id='line_1_23' title="bbox 199 2262 1189 2344; baseline 0.001 -21"><span class='ocrx_word' id='word_1_172' title='bbox 199 2282 284 2344; x_wconf 77' lang='lat' dir='ltr'>gusto</span> <span class='ocrx_word' id='word_1_173' title='bbox 313 2270 444 2322; x_wconf 82' lang='lat' dir='ltr'>audiente</span> <span class='ocrx_word' id='word_1_174' title='bbox 470 2272 597 2323; x_wconf 78' lang='lat' dir='ltr'>recitata.</span> <span class='ocrx_word' id='word_1_175' title='bbox 626 2278 656 2319; x_wconf 90' lang='lat' dir='ltr'>ut</span> <span class='ocrx_word' id='word_1_176' title='bbox 680 2287 749 2322; x_wconf 91' lang='lat' dir='ltr'>nunc</span> <span class='ocrx_word' id='word_1_177' title='bbox 772 2273 883 2340; x_wconf 81' lang='lat' dir='ltr'>legitur:</span> <span class='ocrx_word' id='word_1_178' title='bbox 902 2273 950 2324; x_wconf 89' lang='lat' dir='ltr'>sed</span> <span class='ocrx_word' id='word_1_179' title='bbox 967 2274 1014 2324; x_wconf 82' lang='lat' dir='ltr'>alii</span> <span class='ocrx_word' id='word_1_180' title='bbox 1034 2276 1128 2327; x_wconf 82' lang='lat' dir='ltr'>codices</span> <span class='ocrx_word' id='word_1_181' title='bbox 1140 2283 1159 2325; x_wconf 90' lang='lat' dir='ltr'>et</span> <span class='ocrx_word' id='word_1_182' title='bbox 1186 2262 1189 2271; x_wconf 54' lang='lat'>¹</span> 
     </span>
     <span class='ocr_line' id='line_1_24' title="bbox 198 2353 1158 2428; baseline 0.003 -22"><span class='ocrx_word' id='word_1_183' title='bbox 198 2359 270 2407; x_wconf 87' lang='lat' dir='ltr'>inter</span> <span class='ocrx_word' id='word_1_184' title='bbox 294 2371 339 2404; x_wconf 86' lang='lat' dir='ltr'>eos</span> <span class='ocrx_word' id='word_1_185' title='bbox 367 2354 466 2404; x_wconf 85' lang='lat' dir='ltr'>Gniaeii</span> <span class='ocrx_word' id='word_1_186' title='bbox 495 2355 563 2406; x_wconf 88' lang='lat' dir='ltr'>liber</span> <span class='ocrx_word' id='word_1_187' title='bbox 586 2353 715 2421; x_wconf 82' lang='lat' dir='ltr'>praebent</span> <span class='ocrx_word' id='word_1_188' title='bbox 740 2354 852 2426; x_wconf 82' lang='lat' dir='ltr'>aliquot</span> <span class='ocrx_word' id='word_1_189' title='bbox 878 2368 944 2416; x_wconf 85' lang='lat' dir='ltr'>aute</span> <span class='ocrx_word' id='word_1_190' title='bbox 969 2376 1079 2412; x_wconf 72' lang='lat' dir='ltr'>aanor:</span> <span class='ocrx_word' id='word_1_191' title='bbox 1108 2356 1158 2428; x_wconf 85' lang='lat' dir='ltr'>quod</span> 
     </span>
     <span class='ocr_line' id='line_1_25' title="bbox 196 2437 1156 2513; baseline 0.005 -22"><span class='ocrx_word' id='word_1_192' title='bbox 196 2443 269 2492; x_wconf 84' lang='lat' dir='ltr'>idem</span> <span class='ocrx_word' id='word_1_193' title='bbox 288 2448 328 2490; x_wconf 87' lang='lat' dir='ltr'>est</span> <span class='ocrx_word' id='word_1_194' title='bbox 345 2449 423 2507; x_wconf 85' lang='lat' dir='ltr'>atqua</span> <span class='ocrx_word' id='word_1_195' title='bbox 443 2437 555 2508; x_wconf 83' lang='lat' dir='ltr'>aliquot</span> <span class='ocrx_word' id='word_1_196' title='bbox 572 2442 745 2492; x_wconf 76' lang='lat' dir='ltr'>antrannis.</span> <span class='ocrx_word' id='word_1_197' title='bbox 792 2441 865 2492; x_wconf 86' lang='lat' dir='ltr'>Illud</span> <span class='ocrx_word' id='word_1_198' title='bbox 886 2453 973 2495; x_wconf 86' lang='lat' dir='ltr'>tamen</span> <span class='ocrx_word' id='word_1_199' title='bbox 1001 2444 1105 2513; x_wconf 88' lang='lat' dir='ltr'>probari</span> <span class='ocrx_word' id='word_1_200' title='bbox 1120 2459 1156 2513; x_wconf 79' lang='lat' dir='ltr'>pt·</span> 
     </span>
     <span class='ocr_line' id='line_1_26' title="bbox 198 2523 1157 2600; baseline 0.001 -23"><span class='ocrx_word' id='word_1_201' title='bbox 198 2536 260 2589; x_wconf 79' lang='lat' dir='ltr'>test,</span> <span class='ocrx_word' id='word_1_202' title='bbox 280 2525 302 2575; x_wconf 79' lang='lat' dir='ltr'>si</span> <span class='ocrx_word' id='word_1_203' title='bbox 321 2541 372 2577; x_wconf 81' lang='lat' dir='ltr'>nna</span> <span class='ocrx_word' id='word_1_204' title='bbox 387 2523 497 2577; x_wconf 86' lang='lat' dir='ltr'>notione</span> <span class='ocrx_word' id='word_1_205' title='bbox 517 2525 767 2593; x_wconf 78' lang='lat' dir='ltr'>comprehendamus</span> <span class='ocrx_word' id='word_1_206' title='bbox 780 2527 860 2579; x_wconf 83' lang='lat' dir='ltr'>verba</span> <span class='ocrx_word' id='word_1_207' title='bbox 879 2537 946 2581; x_wconf 82' lang='lat' dir='ltr'>oute</span> <span class='ocrx_word' id='word_1_208' title='bbox 964 2527 1075 2600; x_wconf 82' lang='lat' dir='ltr'>aliquot</span> <span class='ocrx_word' id='word_1_209' title='bbox 1090 2542 1157 2583; x_wconf 80' lang='lat' dir='ltr'>aures</span> 
     </span>
     <span class='ocr_line' id='line_1_27' title="bbox 197 2612 903 2666; baseline -0.001 0"><span class='ocrx_word' id='word_1_210' title='bbox 197 2613 323 2666; x_wconf 71' lang='lat' dir='ltr'>rar&#39;tata.</span> <span class='ocrx_word' id='word_1_211' title='bbox 900 2612 903 2617; x_wconf 70' lang='grc'><em>’</em></span> 
     </span>
    </p>
   </div>
   <div class='ocr_carea' id='block_1_6' title="bbox 135 2705 1202 3274">
    <p class='ocr_par' dir='ltr' id='par_1_6' title="bbox 135 2705 1202 3274">
     <span class='ocr_line' id='line_1_28' title="bbox 234 2705 1156 2788; baseline 0.009 -24"><span class='ocrx_word' id='word_1_212' title='bbox 234 2714 289 2764; x_wconf 82' lang='lat' dir='ltr'>Cic.</span> <span class='ocrx_word' id='word_1_213' title='bbox 315 2711 394 2763; x_wconf 82' lang='lat' dir='ltr'>Aeed.</span> <span class='ocrx_word' id='word_1_214' title='bbox 418 2711 452 2775; x_wconf 88' lang='grc'>2,</span> <span class='ocrx_word' id='word_1_215' title='bbox 478 2705 512 2774; x_wconf 80' lang='grc'>5,</span> <span class='ocrx_word' id='word_1_216' title='bbox 538 2708 580 2762; x_wconf 82' lang='grc'><strong>13.</strong></span> <span class='ocrx_word' id='word_1_217' title='bbox 606 2715 655 2783; x_wconf 84' lang='lat' dir='ltr'>qui</span> <span class='ocrx_word' id='word_1_218' title='bbox 679 2711 769 2784; x_wconf 78' lang='lat' dir='ltr'>legem</span> <span class='ocrx_word' id='word_1_219' title='bbox 795 2714 1075 2788; x_wconf 66' lang='lat' dir='ltr'>agrariamfaliquot</span> <span class='ocrx_word' id='word_1_220' title='bbox 1097 2714 1156 2772; x_wconf 71' lang='lat' dir='ltr'>ertit</span> 
     </span>
     <span class='ocr_line' id='line_1_29' title="bbox 135 2794 1157 2870; baseline -0.004 -20"><span class='ocrx_word' id='word_1_221' title='bbox 135 2819 142 2826; x_wconf 82' lang='grc'><strong><em>·</em></strong></span> <span class='ocrx_word' id='word_1_222' title='bbox 197 2809 264 2852; x_wconf 83' lang='lat' dir='ltr'>oute</span> <span class='ocrx_word' id='word_1_223' title='bbox 283 2795 432 2850; x_wconf 60' lang='lat' dir='ltr'>secundum</span> <span class='ocrx_word' id='word_1_224' title='bbox 452 2795 582 2848; x_wconf 79' lang='lat' dir='ltr'>Punicum</span> <span class='ocrx_word' id='word_1_225' title='bbox 600 2795 704 2852; x_wconf 77' lang='lat' dir='ltr'>ballum</span> <span class='ocrx_word' id='word_1_226' title='bbox 722 2794 848 2850; x_wconf 85' lang='lat' dir='ltr'>tribunus</span> <span class='ocrx_word' id='word_1_227' title='bbox 865 2798 958 2870; x_wconf 83' lang='lat' dir='ltr'>plebis</span> <span class='ocrx_word' id='word_1_228' title='bbox 973 2799 1078 2853; x_wconf 83' lang='lat' dir='ltr'>tulerit.</span> <span class='ocrx_word' id='word_1_229' title='bbox 1100 2795 1157 2862; x_wconf 86' lang='lat' dir='ltr'>Quod</span> 
     </span>
     <span class='ocr_line' id='line_1_30' title="bbox 198 2879 1157 2955; baseline -0.002 -18"><span class='ocrx_word' id='word_1_230' title='bbox 198 2895 300 2937; x_wconf 86' lang='lat' dir='ltr'>veteres</span> <span class='ocrx_word' id='word_1_231' title='bbox 319 2883 450 2933; x_wconf 84' lang='lat' dir='ltr'>editiones</span> <span class='ocrx_word' id='word_1_232' title='bbox 467 2880 566 2955; x_wconf 83' lang='lat' dir='ltr'>habent</span> <span class='ocrx_word' id='word_1_233' title='bbox 584 2879 695 2950; x_wconf 86' lang='lat' dir='ltr'>aliquot</span> <span class='ocrx_word' id='word_1_234' title='bbox 715 2900 804 2933; x_wconf 84' lang='lat' dir='ltr'>annos</span> <span class='ocrx_word' id='word_1_235' title='bbox 829 2894 895 2937; x_wconf 86' lang='lat' dir='ltr'>ante</span> <span class='ocrx_word' id='word_1_236' title='bbox 919 2902 973 2937; x_wconf 91' lang='lat' dir='ltr'>non</span> <span class='ocrx_word' id='word_1_237' title='bbox 996 2882 1157 2955; x_wconf 79' lang='lat' dir='ltr'>appellaverim</span> 
     </span>
     <span class='ocr_line' id='line_1_31' title="bbox 198 2965 1157 3034; baseline -0.003 -15"><span class='ocrx_word' id='word_1_238' title='bbox 198 2987 258 3019; x_wconf 88' lang='lat' dir='ltr'>curn</span> <span class='ocrx_word' id='word_1_239' title='bbox 281 2967 428 3018; x_wconf 82' lang='lat' dir='ltr'>Goerenzio</span> <span class='ocrx_word' id='word_1_240' title='bbox 453 2966 593 3029; x_wconf 86' lang='lat' dir='ltr'>vitiosum,</span> <span class='ocrx_word' id='word_1_241' title='bbox 631 2965 679 3015; x_wconf 89' lang='lat' dir='ltr'>sed</span> <span class='ocrx_word' id='word_1_242' title='bbox 717 2966 881 3034; x_wconf 78' lang='lat' dir='ltr'>ineleganter</span> <span class='ocrx_word' id='word_1_243' title='bbox 916 2969 1025 3021; x_wconf 88' lang='lat' dir='ltr'>dictum.</span> <span class='ocrx_word' id='word_1_244' title='bbox 1068 2965 1157 3021; x_wconf 77' lang='lat' dir='ltr'>(liele</span> 
     </span>
     <span class='ocr_line' id='line_1_32' title="bbox 192 3049 1157 3127; baseline 0 -24"><span class='ocrx_word' id='word_1_245' title='bbox 192 3057 296 3105; x_wconf 83' lang='lat' dir='ltr'>Senect.</span> <span class='ocrx_word' id='word_1_246' title='bbox 324 3049 373 3114; x_wconf 78' lang='lat'>14,</span> <span class='ocrx_word' id='word_1_247' title='bbox 394 3049 436 3101; x_wconf 82' lang='lat'>50.</span> <span class='ocrx_word' id='word_1_248' title='bbox 469 3054 516 3123; x_wconf 87' lang='lat' dir='ltr'>qui</span> <span class='ocrx_word' id='word_1_249' title='bbox 545 3067 628 3120; x_wconf 88' lang='lat' dir='ltr'>quum</span> <span class='ocrx_word' id='word_1_250' title='bbox 647 3066 696 3127; x_wconf 56' lang='lat' dir='ltr'>segc</span> <span class='ocrx_word' id='word_1_251' title='bbox 715 3055 797 3105; x_wconf 82' lang='lat' dir='ltr'>annis</span> <span class='ocrx_word' id='word_1_252' title='bbox 813 3062 895 3117; x_wconf 86' lang='lat' dir='ltr'>ante,</span> <span class='ocrx_word' id='word_1_253' title='bbox 918 3071 1003 3123; x_wconf 86' lang='lat' dir='ltr'>quam</span> <span class='ocrx_word' id='word_1_254' title='bbox 1021 3073 1074 3127; x_wconf 81' lang='lat' dir='ltr'>ego</span> <span class='ocrx_word' id='word_1_255' title='bbox 1095 3062 1157 3106; x_wconf 78' lang='lat' dir='ltr'>nutu</span> 
     </span>
     <span class='ocr_line' id='line_1_33' title="bbox 197 3132 1202 3208; baseline -0.003 -18"><span class='ocrx_word' id='word_1_256' title='bbox 197 3156 273 3200; x_wconf 79' lang='lat' dir='ltr'>sanz,</span> <span class='ocrx_word' id='word_1_257' title='bbox 284 3132 408 3206; x_wconf 77' lang='lat' dir='ltr'>fabulas</span> <span class='ocrx_word' id='word_1_258' title='bbox 427 3134 574 3188; x_wconf 84' lang='lat' dir='ltr'>docuisset.</span> <span class='ocrx_word' id='word_1_259' title='bbox 598 3134 645 3185; x_wconf 85' lang='lat' dir='ltr'>alii</span> <span class='ocrx_word' id='word_1_260' title='bbox 671 3135 733 3188; x_wconf 88' lang='lat' dir='ltr'>libri</span> <span class='ocrx_word' id='word_1_261' title='bbox 761 3153 810 3189; x_wconf 80' lang='lat' dir='ltr'>sex</span> <span class='ocrx_word' id='word_1_262' title='bbox 835 3153 944 3190; x_wconf 77' lang='lat' dir='ltr'>annos.-</span> <span class='ocrx_word' id='word_1_263' title='bbox 974 3139 1157 3208; x_wconf 85' lang='lat' dir='ltr'>utrumqncbo·</span> <span class='ocrx_word' id='word_1_264' title='bbox 1199 3152 1202 3163; x_wconf 93' lang='lat'>·</span> 
     </span>
     <span class='ocr_line' id='line_1_34' title="bbox 195 3232 327 3274; baseline -0.023 -1"><span class='ocrx_word' id='word_1_265' title='bbox 195 3241 258 3274; x_wconf 90' lang='lat' dir='ltr'>num</span> <span class='ocrx_word' id='word_1_266' title='bbox 278 3232 327 3272; x_wconf 88' lang='lat' dir='ltr'>est.</span> 
     </span>
    </p>
   </div>
   <div class='ocr_carea' id='block_1_7' title="bbox 122 3320 1160 4003">
    <p class='ocr_par' dir='ltr' id='par_1_7' title="bbox 122 3320 1160 4003">
     <span class='ocr_line' id='line_1_35' title="bbox 211 3320 1158 3404; baseline -0.001 -17"><span class='ocrx_word' id='word_1_267' title='bbox 211 3327 242 3387; x_wconf 90' lang='grc'>8.</span> <span class='ocrx_word' id='word_1_268' title='bbox 278 3320 500 3399; x_wconf 88' lang='lat' dir='ltr'>Adverbium‚</span> <span class='ocrx_word' id='word_1_269' title='bbox 523 3331 577 3384; x_wconf 91' lang='lat' dir='ltr'>aut</span> <span class='ocrx_word' id='word_1_270' title='bbox 594 3341 670 3383; x_wconf 89' lang='lat' dir='ltr'>cum</span> <span class='ocrx_word' id='word_1_271' title='bbox 689 3321 895 3404; x_wconf 83' lang='lat' dir='ltr'>accusativo,</span> <span class='ocrx_word' id='word_1_272' title='bbox 920 3333 976 3387; x_wconf 90' lang='lat' dir='ltr'>aut</span> <span class='ocrx_word' id='word_1_273' title='bbox 991 3346 1068 3388; x_wconf 90' lang='lat' dir='ltr'>cum</span> <span class='ocrx_word' id='word_1_274' title='bbox 1084 3323 1158 3388; x_wconf 86' lang='lat' dir='ltr'>abla-</span> 
     </span>
     <span class='ocr_line' id='line_1_36' title="bbox 126 3406 1159 3498; baseline 0.004 -28"><span class='ocrx_word' id='word_1_275' title='bbox 126 3409 197 3472; x_wconf 89' lang='lat' dir='ltr'>tivo</span> <span class='ocrx_word' id='word_1_276' title='bbox 213 3409 457 3493; x_wconf 86' lang='lat' dir='ltr'>compositum,</span> <span class='ocrx_word' id='word_1_277' title='bbox 482 3429 613 3493; x_wconf 88' lang='lat' dir='ltr'>semper</span> <span class='ocrx_word' id='word_1_278' title='bbox 630 3406 761 3472; x_wconf 86' lang='lat' dir='ltr'>confert</span> <span class='ocrx_word' id='word_1_279' title='bbox 773 3431 846 3473; x_wconf 89' lang='lat' dir='ltr'>rem</span> <span class='ocrx_word' id='word_1_280' title='bbox 869 3409 1014 3495; x_wconf 89' lang='lat' dir='ltr'>aliquam</span> <span class='ocrx_word' id='word_1_281' title='bbox 1029 3421 1159 3498; x_wconf 87' lang='lat' dir='ltr'>praeter·</span> 
     </span>
     <span class='ocr_line' id='line_1_37' title="bbox 126 3492 1160 3582; baseline 0.001 -28"><span class='ocrx_word' id='word_1_282' title='bbox 126 3494 208 3556; x_wconf 88' lang='lat' dir='ltr'>itam</span> <span class='ocrx_word' id='word_1_283' title='bbox 236 3515 312 3555; x_wconf 87' lang='lat' dir='ltr'>curn</span> <span class='ocrx_word' id='word_1_284' title='bbox 328 3492 428 3556; x_wconf 84' lang='lat' dir='ltr'>altera</span> <span class='ocrx_word' id='word_1_285' title='bbox 451 3514 487 3554; x_wconf 89' lang='lat' dir='ltr'>re</span> <span class='ocrx_word' id='word_1_286' title='bbox 513 3492 710 3577; x_wconf 85' lang='lat' dir='ltr'>praeterita,</span> <span class='ocrx_word' id='word_1_287' title='bbox 742 3495 843 3582; x_wconf 86' lang='lat' dir='ltr'>elapsi</span> <span class='ocrx_word' id='word_1_288' title='bbox 865 3496 1028 3582; x_wconf 87' lang='lat' dir='ltr'>temporis</span> <span class='ocrx_word' id='word_1_289' title='bbox 1049 3497 1160 3561; x_wconf 88' lang='lat' dir='ltr'>ratione</span> 
     </span>
     <span class='ocr_line' id='line_1_38' title="bbox 125 3575 1159 3667; baseline 0 -27"><span class='ocrx_word' id='word_1_290' title='bbox 125 3578 340 3664; x_wconf 80' lang='lat' dir='ltr'>interposita,</span> <span class='ocrx_word' id='word_1_291' title='bbox 380 3599 487 3661; x_wconf 89' lang='lat' dir='ltr'>neque</span> <span class='ocrx_word' id='word_1_292' title='bbox 517 3575 663 3640; x_wconf 88' lang='lat' dir='ltr'>refertur</span> <span class='ocrx_word' id='word_1_293' title='bbox 693 3600 852 3664; x_wconf 89' lang='lat' dir='ltr'>umquam</span> <span class='ocrx_word' id='word_1_294' title='bbox 877 3602 928 3642; x_wconf 89' lang='lat' dir='ltr'>res</span> <span class='ocrx_word' id='word_1_295' title='bbox 954 3580 996 3644; x_wconf 93' lang='lat' dir='ltr'>ad</span> <span class='ocrx_word' id='word_1_296' title='bbox 1022 3600 1159 3667; x_wconf 83' lang='lat' dir='ltr'>praesens</span> 
     </span>
     <span class='ocr_line' id='line_1_39' title="bbox 125 3661 1159 3752; baseline 0.006 -29"><span class='ocrx_word' id='word_1_297' title='bbox 125 3673 268 3749; x_wconf 78' lang='lat' dir='ltr'>lempna.</span> <span class='ocrx_word' id='word_1_298' title='bbox 318 3662 507 3726; x_wconf 86' lang='lat' dir='ltr'>Perizonius</span> <span class='ocrx_word' id='word_1_299' title='bbox 534 3661 576 3724; x_wconf 89' lang='lat' dir='ltr'>ad</span> <span class='ocrx_word' id='word_1_300' title='bbox 602 3663 726 3726; x_wconf 88' lang='lat' dir='ltr'>Sanctii</span> <span class='ocrx_word' id='word_1_301' title='bbox 748 3665 830 3728; x_wconf 87' lang='lat' dir='ltr'>Min.</span> <span class='ocrx_word' id='word_1_302' title='bbox 852 3664 892 3726; x_wconf 89' lang='grc' dir='ltr'>Τ.</span> <span class='ocrx_word' id='word_1_303' title='bbox 911 3672 942 3728; x_wconf 88' lang='grc'><strong>2.</strong></span> <span class='ocrx_word' id='word_1_304' title='bbox 962 3690 997 3752; x_wconf 88' lang='lat' dir='ltr'>p.</span> <span class='ocrx_word' id='word_1_305' title='bbox 1018 3672 1072 3731; x_wconf 86' lang='grc'><strong>72.</strong></span> <span class='ocrx_word' id='word_1_306' title='bbox 1093 3689 1159 3730; x_wconf 90' lang='lat' dir='ltr'>con·</span> 
     </span>
     <span class='ocr_line' id='line_1_40' title="bbox 124 3746 1158 3836; baseline 0.006 -26"><span class='ocrx_word' id='word_1_307' title='bbox 124 3748 260 3832; x_wconf 86' lang='lat' dir='ltr'>iungere</span> <span class='ocrx_word' id='word_1_308' title='bbox 281 3748 448 3821; x_wconf 88' lang='lat' dir='ltr'>nosiubet</span> <span class='ocrx_word' id='word_1_309' title='bbox 465 3746 623 3809; x_wconf 85' lang='lat' dir='ltr'>ablativos</span> <span class='ocrx_word' id='word_1_310' title='bbox 650 3770 727 3812; x_wconf 91' lang='lat' dir='ltr'>cum</span> <span class='ocrx_word' id='word_1_311' title='bbox 749 3750 1017 3836; x_wconf 85' lang='lat' dir='ltr'>praepositione,</span> <span class='ocrx_word' id='word_1_312' title='bbox 1047 3751 1158 3816; x_wconf 86' lang='lat' dir='ltr'>Ruddi·</span> 
     </span>
     <span class='ocr_line' id='line_1_41' title="bbox 122 3832 1160 3925; baseline 0.001 -29"><span class='ocrx_word' id='word_1_313' title='bbox 122 3853 264 3896; x_wconf 86' lang='lat' dir='ltr'>mannus</span> <span class='ocrx_word' id='word_1_314' title='bbox 291 3833 382 3897; x_wconf 85' lang='grc' dir='ltr'><strong>Τ..2.</strong></span> <span class='ocrx_word' id='word_1_315' title='bbox 405 3855 440 3920; x_wconf 88' lang='lat' dir='ltr'>p.</span> <span class='ocrx_word' id='word_1_316' title='bbox 459 3837 533 3896; x_wconf 83' lang='lat'>291.</span> <span class='ocrx_word' id='word_1_317' title='bbox 564 3833 731 3899; x_wconf 89' lang='lat' dir='ltr'>substituit</span> <span class='ocrx_word' id='word_1_318' title='bbox 753 3835 801 3898; x_wconf 84' lang='lat' dir='ltr'>in.</span> <span class='ocrx_word' id='word_1_319' title='bbox 850 3832 1018 3900; x_wconf 79' lang='lat' dir='ltr'>Neutrum</span> <span class='ocrx_word' id='word_1_320' title='bbox 1040 3833 1160 3925; x_wconf 82' lang='lat' dir='ltr'>probati</span> 
     </span>
     <span class='ocr_line' id='line_1_42' title="bbox 123 3929 712 4003; baseline 0.007 -24"><span class='ocrx_word' id='word_1_321' title='bbox 123 3929 248 4003; x_wconf 84' lang='lat' dir='ltr'>potest.</span> <span class='ocrx_word' id='word_1_322' title='bbox 709 3958 712 3964; x_wconf 92' lang='lat'>·</span> 
     </span>
    </p>
   </div>
   <div class='ocr_carea' id='block_1_8' title="bbox 188 4035 1163 4196">
    <p class='ocr_par' dir='ltr' id='par_1_8' title="bbox 188 4035 1163 4196">
     <span class='ocr_line' id='line_1_43' title="bbox 224 4035 1163 4110; baseline -0.001 -21"><span class='ocrx_word' id='word_1_323' title='bbox 224 4040 279 4092; x_wconf 85' lang='lat' dir='ltr'>Cic.</span> <span class='ocrx_word' id='word_1_324' title='bbox 303 4040 382 4091; x_wconf 83' lang='lat' dir='ltr'>Tusa.</span> <span class='ocrx_word' id='word_1_325' title='bbox 407 4036 441 4103; x_wconf 90' lang='lat'>5,</span> <span class='ocrx_word' id='word_1_326' title='bbox 466 4037 499 4101; x_wconf 77' lang='lat'>3,</span> <span class='ocrx_word' id='word_1_327' title='bbox 527 4035 552 4087; x_wconf 84' lang='lat'>7.</span> <span class='ocrx_word' id='word_1_328' title='bbox 580 4039 674 4109; x_wconf 85' lang='lat' dir='ltr'>itaque</span> <span class='ocrx_word' id='word_1_329' title='bbox 701 4048 729 4090; x_wconf 86' lang='lat' dir='ltr'>et</span> <span class='ocrx_word' id='word_1_330' title='bbox 748 4037 817 4092; x_wconf 85' lang='lat' dir='ltr'>illos</span> <span class='ocrx_word' id='word_1_331' title='bbox 834 4049 960 4110; x_wconf 85' lang='lat' dir='ltr'>septem,</span> <span class='ocrx_word' id='word_1_332' title='bbox 979 4066 1015 4081; x_wconf 89' lang='lat'>-</span> <span class='ocrx_word' id='word_1_333' title='bbox 1032 4050 1062 4094; x_wconf 86' lang='lat' dir='ltr'>et</span> <span class='ocrx_word' id='word_1_334' title='bbox 1079 4039 1163 4093; x_wconf 79' lang='lat' dir='ltr'>multis</span> 
     </span>
     <span class='ocr_line' id='line_1_44' title="bbox 188 4122 1163 4196; baseline 0.002 -21"><span class='ocrx_word' id='word_1_335' title='bbox 188 4133 254 4176; x_wconf 85' lang='lat' dir='ltr'>aute</span> <span class='ocrx_word' id='word_1_336' title='bbox 272 4123 393 4181; x_wconf 83' lang='lat' dir='ltr'>saeculis</span> <span class='ocrx_word' id='word_1_337' title='bbox 409 4124 580 4196; x_wconf 78' lang='lat' dir='ltr'>Lycurgum</span> <span class='ocrx_word' id='word_1_338' title='bbox 597 4149 632 4167; x_wconf 91' lang='lat'>·-</span> <span class='ocrx_word' id='word_1_339' title='bbox 651 4126 808 4196; x_wconf 82' lang='lat' dir='ltr'>accepimus</span> <span class='ocrx_word' id='word_1_340' title='bbox 821 4122 919 4195; x_wconf 85' lang='lat' dir='ltr'>fuisse</span> <span class='ocrx_word' id='word_1_341' title='bbox 938 4136 967 4181; x_wconf 83' lang='lat' dir='ltr'>at</span> <span class='ocrx_word' id='word_1_342' title='bbox 983 4124 1099 4182; x_wconf 77' lang='lat' dir='ltr'>babitus</span> <span class='ocrx_word' id='word_1_343' title='bbox 1114 4143 1163 4182; x_wconf 85' lang='lat' dir='ltr'>esse</span> 
     </span>
    </p>
   </div>
   <div class='ocr_carea' id='block_1_9' title="bbox 381 4320 433 4351">
    <p class='ocr_par' dir='ltr' id='par_1_9' title="bbox 381 4320 433 4351">
     <span class='ocr_line' id='line_1_45' title="bbox 381 4320 433 4351; baseline 0 0"><span class='ocrx_word' id='word_1_344' title='bbox 381 4320 433 4351; x_wconf 65' lang='lat'>&gt;¹9</span> 
     </span>
    </p>
   </div>
   <div class='ocr_carea' id='block_1_10' title="bbox 0 0 1314 4770">
    <p class='ocr_par' dir='ltr' id='par_1_10' title="bbox 0 0 1314 4770">
     <span class='ocr_line' id='line_1_46' title="bbox 0 0 1314 4770; baseline 0 0"><span class='ocrx_word' id='word_1_345' title='bbox 0 0 1314 4770; x_wconf 95' lang='lat' dir='ltr'> </span> 
     </span>
    </p>
   </div>
  </div>
 </body>
</html>
