2618 4770
543 335 676 403 nuru
843 310 909 402 “,
1075 342 1206 423 ruf
1303 329 1309 338 ·

186 497 253 551 Plin.
270 488 405 556 Pan.·o4,
425 490 451 544 6.
471 509 551 545 nemo
570 503 638 547 ante
656 499 753 546 tantus
765 486 849 560 fuit,
871 500 902 544 ut
919 491 1074 548 crederetur
1089 514 1141 548 uo-

152 581 242 636 luisse
260 580 376 634 decerni.
412 578 490 639 Quod
514 580 675 631 Goerenzius
696 577 943 642 adcic.Acad.1,
962 578 1010 640 11,
1029 575 1140 633 41.sibi

150 683 307 739 persuasum
324 664 413 725 habet,
424 662 577 716 Ciceronem
595 681 648 714 non
669 663 767 714 dixisse
783 662 927 730 praemisso
946 663 1052 716 nomine
1073 676 1141 719 aare

149 748 255 813 nemo,
284 749 332 801 sed
361 757 507 800 notanter
528 766 624 807 nemo,
652 757 697 799 aut
716 764 796 799 nemo
816 758 899 811 ante,
919 765 973 799 nou
991 749 1062 817 prius
1081 750 1140 801 dis-

132 835 335 904 :ceptabimus,
355 846 448 902 quem,
465 833 559 905 quibus
574 831 640 887 locis
659 833 753 886 Cicero
771 850 851 886 neoto
869 842 934 887 ante
949 832 1068 897 dixerit',·
1090 834 1141 889 de-

146 929 332 981 *mansuetum
353 919 414 971 erit.

194 1025 236 1077 De
254 1021 369 1075 formula
383 1031 449 1075 ante
467 1021 577 1089 omnia,
594 1027 662 1074 onte
680 1036 776 1074 omnes
792 1019 863 1072 infra
884 1018 1007 1076 dicemus.

176 1127 227 1193 15.
262 1125 328 1189 Sed
344 1125 552 1222 comparatio
567 1133 761 1209 temporum
780 1122 879 1188 etium
901 1124 1009 1188 verbis
1029 1128 1143 1215 expri-

110 1213 204 1278 1itur.
247 1210 357 1295 Pergit
379 1232 469 1274 enim
485 1208 591 1273 oratio
611 1230 670 1296 per
688 1229 810 1295 quom,
839 1207 964 1297 dequo
986 1230 1047 1275 suo
1062 1211 1141 1278 loco
1204 1264 1206 1271 ,

111 1299 200 1365 icam
216 1299 252 1363 in
274 1313 484 1373 ANTEQVAM.
528 1294 657 1358 Eodem
674 1294 782 1365 modo
795 1314 897 1379 quum
911 1298 1064 1383 usurpari
1079 1320 1145 1362 no-

110 1386 173 1449 avit
188 1381 409 1450 schwartzius
432 1382 466 1444 in
484 1379 693 1459 Tursellino‚
732 1389 764 1442 et.
792 1379 900 1445 attulit
923 1381 1038 1446 locum
1062 1384 1147 1450 Livii

111 1475 149 1548 8,
174 1473 214 1551 8,
236 1473 268 1533 7:
291 1490 361 1531 non
375 1467 455 1552 plus
474 1466 561 1530 nauli
578 1466 717 1529 meritos
729 1464 867 1529 Aetolos
882 1465 1046 1531 Antiochi
1061 1467 1147 1534 bello
1246 1522 1249 1533 .

110 1578 197 1622 uam
219 1553 429 1632 burri.urete‚'
446 1573 547 1639 qucum
572 1550 734 1615 aduersus
760 1549 962 1636 Philippum
985 1551 1148 1620 bellatum

110 1643 157 1718 it,
172 1637 314 1740 fecisse.
354 1637 555 1703 Facciolatus
573 1636 737 1722 inaEpist.
760 1634 875 1700 Meieri
891 1660 927 1723 p.
947 1637 998 1702 14.
1029 1642 1172 1728 „quids

110 1738 220 1816 nquit,
242 1727 267 1791 si
283 1748 347 1812 pro
388 1746 469 1788 uum
484 1722 595 1788 Livius
610 1722 794 1819 scripsisset
834 1744 877 1785 uo
893 1723 1068 1807 tempore?
1089 1727 1149 1790 sed

110 1815 122 1881 i
146 1823 236 1878 recte
261 1748 439 1896 eugunio,
470 1809 598 1895 tuipse
621 1806 719 1872 facile
741 1745 922 1892 intelliges,
946 1819 1057 1873 totum
1080 1811 1147 1876 hoc

110 1899 237 1971 lterum
253 1897 463 1970 membrum,
494 1904 666 1980 tamquam
680 1892 875 2042 Karenthesi
901 1893 1065 1971 clausum,
1089 1920 1150 1984 per
1233 1939 1236 1944 -

110 1986 258 2075 eipsum
274 1993 380 2063 stare,
407 1991 440 2046 et
463 2001 598 2045 sensum
622 1979 677 2066 qui
704 2001 757 2042 em
781 1978 965 2068 explicare,
994 1993 1150 2064 constru-

109 2073 244 2137 :iionem
262 2080 372 2132 autem
390 2065 484 2132 nullo
504 2065 606 2129 modo
633 2062 795 2129 afficere.“
838 2062 879 2129 Ei
895 2067 1070 2133 assentitur
1084 2069 1150 2133 Er-

109 2157 240 2223 restius:
287 2175 322 2218 er
339 2175 440 2240 quum
457 2189 498 2202 -
513 2162 563 2216 est
579 2150 737 2237 explicari
749 2161 840 2226 aute,
860 2160 892 2215 et
907 2161 1038 2239 tempus
1054 2175 1152 2218 accu—
1198 2222 1200 2227 .

109 2243 200 2309 otius
216 2177 358 2304 dciniri.
410 2238 622 2322 Quamquam
638 2234 718 2300 non'
729 2235 909 2300 cohaerent
925 2241 1152 2335 comparatio-

109 2329 149 2394 ris
168 2326 315 2403 ratione,
346 2334 458 2387 tamen
481 2321 628 2385 notanda
652 2315 730 2385 suni
753 2320 931 2420 exempla,⁸
958 2344 993 2386 ln
1020 2325 1150 2409 quibus,
1209 2324 1212 2330 ’
1273 2354 1279 2363 ’

109 2413 284 2479 irremisso
301 2421 399 2495 onte,
421 2409 534 2495 ipsum
559 2406 621 2469 hoc
642 2417 775 2493 tempus
792 2407 972 2470 distinctius
995 2412 1166 2476 nomina*
1226 2470 1229 2484 ,

109 2495 165 2564 [ur.
209 2493 481 2562 Wunderlichrus
496 2493 523 2556 si
538 2491 633 2555 illum
658 2493 741 2556 Livii
764 2493 879 2556 locum
903 2493 1154 2582 considerasset,

109 2607 171 2653 ron
187 2583 327 2648 omnino
345 2588 496 2664 negasset
513 2576 664 2667 dictionis
681 2581 863 2644 veritatem.

214 2703 272 2756 Liv.
297 2699 349 2763 27,
376 2697 426 2764 28,
451 2697 477 2750 5.
502 2695 603 2769 paullo
629 2708 696 2752 aute
724 2696 768 2752 liic
793 2702 908 2754 nuntius
927 2701 1050 2756 consulis
1073 2703 1156 2758 Sala·

166 2791 247 2861 piam
272 2795 401 2846 venerat,
435 2803 519 2857 quum
541 2783 652 2838 litterae
683 2780 719 2836 ‹el›
748 2782 909 2838 Hannibale
940 2783 1050 2838 allatae
1081 2800 1156 2842 sunt.

168 2871 271 2941 Sigonii
289 2870 359 2922 liber
377 2888 435 2920 cum
453 2873 539 2921 Oxou.
559 2887 660 2942 quams
678 2869 750 2938 quod
766 2870 986 2922 Wunderlichius
1004 2872 1038 2923 ad
1056 2874 1157 2925 Tibull.

170 2958 206 3022 1,
225 2957 259 3020 3,
278 2955 304 3007 9.
331 2955 405 3024 quasi
422 2954 450 3006 in
466 2955 554 3006 multis
575 2956 613 3007 ita
635 2956 786 3021 legeretur,
809 2955 999 3013 restituendum
1022 2960 1158 3014 censebat.

148 3035 299 3111 'Equidem
322 3024 424 3090 mutare
444 3058 499 3093 non
524 3040 614 3092 ausim.
649 3039 748 3090 Tibull.
766 3040 800 3102 1,
816 3038 849 3104 3,
868 3039 894 3092 9.
923 3057 1011 3092 omnes
1039 3042 1157 3096 editores

170 3130 287 3181 Dousam
303 3134 460 3194 sequuntur:
484 3125 568 3179 Delia
588 3143 644 3178 non
662 3136 798 3197 usquam:
822 3143 894 3197 quae
912 3144 955 3178 me
971 3144 1055 3198 quam
1069 3129 1160 3181 mitte·

113 3232 116 3237 ·
166 3223 215 3267 'ret
232 3209 314 3278 urbe,
347 3210 448 3285 (licitur
464 3222 532 3265 ante
551 3228 646 3263 ontnes
665 3207 835 3264 consuluisse
854 3210 930 3267 deos.
955 3211 1000 3263 ubi
1017 3221 1094 3263 antea
1115 3213 1159 3264 le-

173 3296 285 3368 gebatur
304 3288 410 3366 quum:
429 3297 499 3364 quod
518 3314 572 3347 non
589 3295 674 3361 maie,
696 3294 744 3345 sed
766 3295 899 3362 eleganter
919 3296 1084 3349 dictumest.

190 3404 243 3465 16.
279 3397 428 3462 Absoluti
446 3420 524 3462 usus
543 3396 714 3484 peculiare
732 3396 923 3484 exemplum
940 3399 1160 3486 conspicimus

108 3485 139 3550 in
156 3483 307 3550 formula
322 3483 412 3571 quod
430 3495 512 3548 unte
541 3481 617 3546 dixi
625 3530 635 3563 ,
668 3482 757 3546 sicut
778 3493 859 3548 onte
880 3483 1009 3548 dictum
1034 3496 1103 3565 est,
1124 3486 1161 3548 in
1228 3496 1242 3567 j

129 3591 171 3634 uo
197 3572 297 3635 etiam
324 3581 430 3633 autea
452 3569 604 3657 ponitur.
648 3566 788 3631 Librarii
811 3567 890 3633 haec
914 3584 1013 3655 'saepe
1037 3568 1176 3666 consu-l

107 3595 246 3728 ierunt,
278 3653 333 3720 sed
358 3654 451 3718 nullo
476 3652 733 3743 significationis·
750 3652 950 3718 discrimine.
995 3653 1049 3716 Sic
1072 3655 1162 3742 apud
1190 3725 1194 3733 ,
1225 3722 1228 3727 ,

108 3742 175 3808 cic.
197 3743 238 3807 de
258 3741 334 3806 Nat.
351 3739 383 3804 d.
403 3746 439 3821 1,
464 3743 521 3820 15,
543 3743 597 3803 39.
623 3761 716 3813 earn,
750 3761 848 3827 quem
869 3750 974 3802 anteo
998 3737 1073 3803 <lixi
1099 3765 1162 3806 oe-

108 3830 218 3893 tltera.
242 3827 369 3890 codices
387 3847 458 3888 non
474 3824 571 3912 pauci
584 3823 744 3897 ‚exhibent
765 3836 856 3888 unte.
889 3823 929 3886 de
945 3823 1030 3911 Lege
1046 3825 1161 3889 Manii.
1186 3890 1189 3895 ,

108 3918 149 3991 6,
174 3919 225 3978 16.
249 3934 366 3975 omnes
384 3910 459 3977 libri
478 3922 515 3976 ut
539 3920 646 3975 anteo
671 3909 755 3972 dixi.
797 3908 836 3971 Iu
857 3908 948 3971 Orat.
968 3932 1003 3995 p.
1022 3908 1113 3974 Tull.
1128 3913 1161 3975 5.

109 3999 201 4086 quorl
233 4008 339 4062 anteo
366 3996 456 4061 nilril
486 3998 524 4061 in
558 3996 662 4060 istum
687 3989 763 4058 dixi
801 3992 960 4081 siguificat
996 3997 1162 4087 actionem

111 4086 274 4175 priorem.
519 4086 521 4095 '

213 4186 297 4240 Plaut.
312 4185 390 4255 Cept.
406 4183 477 4237 Prol.
495 4181 538 4236 17.
549 4175 699 4256 fugitivus
724 4176 792 4243 ille,
817 4188 849 4234 ut
872 4178 998 4237 dixeram
1011 4193 1095 4252 ante,
1112 4194 1178 4256 etc..
1199 4200 1202 4208 ·
