2648 4762
410 311 412 315 ’
477 293 642 423 11601.
684 339 750 404 ac.
1087 338 1150 405 507

120 496 125 501 ’
169 488 232 556 dem
249 500 386 565 videntur,
405 501 453 570 qui
472 497 627 553 utilitatum
644 513 742 549 caussa
755 492 877 565 fingunt
894 495 1058 561 amicitiam,
1075 514 1151 548 aura·

167 585 336 640 tritissimum
361 584 467 639 nodum
492 587 636 637 amicitiae
662 580 769 636 tollere.
811 580 971 632 Goerenzius
996 589 1024 632 et
1044 581 1150 632 Beierus
1225 578 1228 582 “

168 671 325 723 eiiciendum
349 681 457 722 censent
476 670 580 723 etiam:
598 684 652 718 non
668 668 732 718 item
752 683 816 732 ego:
841 682 903 715 nam
923 664 1010 716 deleto
1030 665 1083 717 hoc
1100 683 1151 717 vo-

169 757 273 821 cabulo,
294 756 338 826 qni
356 757 391 808 sit
406 756 534 807 orationis
556 753 694 808 continuus
709 751 792 813 ordo‚'
818 767 874 801 non
893 750 1023 816 intelligo.
1058 749 1152 800 Cicero

168 842 240 891 enim
258 841 390 893 amicitiae
408 840 578 892 fundamenta
595 839 747 890 describens
764 855 779 887 a
795 835 915 886 bonitate
931 834 1027 886 transit
1043 835 1078 886 ad
1095 836 1151 886 uti-

167 925 271 978 litatem
295 925 426 978 amicitiae
451 913 607 992 iungendae'
624 923 764 985 infestam,
789 932 820 972 ut
837 922 925 972 dicat:
946 922 1013 974 item
1033 922 1055 974 ii
1073 940 1154 992 prae·

169 1021 246 1065 terea
266 1015 313 1085 qai
334 1022 385 1064 etc.
418 1013 543 1063 Fortasse
560 1019 648 1061 tamen
670 994 788 1077 praestat
804 1006 916 1059 aliorum
929 1002 1058 1058 librorum
1082 1005 1152 1057 scri-

168 1106 259 1165 ptura:
279 1107 363 1168 atqae
382 1091 469 1150 etiam
485 1094 616 1150 videatur
638 1092 706 1148 milri
727 1091 847 1165 quidem.

125 1273 127 1277 .
184 1198 274 1262 Tum
300 1200 399 1262 etiam
420 1219 460 1261 eo
484 1218 582 1262 sensu
605 1206 800 1282 usurpatur,
831 1215 898 1279 quo
924 1193 1154 1281 significatae
1301 1272 1305 1280 Ι

115 1283 232 1365 rosim,
255 1284 327 1348 uad
345 1282 523 1359 sicimam,
550 1283 732 1370 etponitur
761 1301 822 1368 pro
847 1290 943 1364 atque
966 1281 1059 1346 adeo.
1085 1280 1153 1345 vid.
1240 1320 1244 1327 ·

116 1371 266 1434 locrcnz.
283 1370 323 1434 ad
340 1370 409 1434 Cic.
426 1369 526 1433 Acnd.
551 1375 590 1442 2,
615 1374 674 1448 10,
696 1373 749 1433 30.
769 1389 803 1453 p.
820 1371 872 1430 61.
902 1366 1100 1432 Heumann:
1113 1365 1155 1430 ad
1316 1393 1322 1402 ’

115 1455 172 1518 lic.
189 1456 283 1521 Catil.
299 1455 338 1536 4,
357 1460 396 1535 9,
421 1459 472 1518 18.
496 1452 653 1519 Matthiae
668 1454 712 1518 ad
732 1452 798 1516 Cic.
813 1451 919 1538 Epist.
938 1456 1010 1516 100.
1027 1477 1061 1540 p.
1078 1460 1154 1518 223.
1247 1486 1251 1495 =

205 1577 312 1629 Terent.
332 1575 442 1644 Adelph.
458 1573 492 1638 4,
511 1570 545 1638 5,
563 1573 606 1626 28.
622 1569 739 1644 sactum
757 1594 776 1626 a
791 1571 872 1627 vobis
894 1572 1015 1649 duriter,
1035 1575 1154 1629 immise·
1212 1613 1215 1619 ·

169 1661 383 1734 ricorditerque‚
410 1671 495 1732 atque
520 1661 649 1712 etiamsi
668 1669 725 1733 est,
753 1659 852 1727 pater,
879 1659 1025 1714 «licendum
1049 1671 1155 1731 aperte,

170 1746 355 1802 illiberaliter.
394 1746 428 1810 2,
449 1747 482 1811 2,
513 1745 537 1797 1.
571 1744 672 1817 cupide
694 1749 817 1815 accipiat
837 1741 934 1815 faxo,
961 1757 1044 1820 atque
1070 1750 1157 1801 ctiam

170 1831 239 1886 leena
263 1832 340 1885 dicat
365 1850 457 1885 secum
482 1848 541 1884 esse
566 1842 666 1885 actam.
709 1832 764 1882 Cic.
793 1832 827 1884 ad
855 1835 926 1884 Fam.
953 1830 988 1896 6,
1013 1831 1056 1884 22.
1088 1831 1156 1886 lraec

146 1962 149 1968 .
173 1936 340 1991 quaurquam
357 1916 446 1982 nihilo
470 1917 586 1972 meliora
607 1927 672 1970 suut
694 1935 772 1982 nunc,
792 1927 876 1988 atquc
897 1917 1089 1971 etiamvmulto
1110 1919 1157 1973 cle-

173 2006 341 2072 speratiora.
373 2002 485 2068 Lina,
502 2001 552 2066 46,
572 2001 597 2054 9.
615 2021 650 2055 ue
670 2001 797 2073 Virginio
817 2015 1002 2057 commeatum
1022 2003 1098 2070 dent,
1114 2018 1157 2058 at·

175 2108 227 2161 que
252 2093 338 2144 ctiam
366 2093 395 2144 in
424 2088 552 2144 custodia
579 2085 709 2142 habeant.
749 2088 876 2150 Quinctil.
907 2092 971 2141 Inst.
995 2089 1029 2156 4,
1054 2090 1086 2156 2,
1113 2090 1157 2145 73.

174 2191 291 2246 quorum
308 2184 390 2244 pater
403 2177 492 2239 vivit,
519 2185 603 2245 atque
628 2177 713 2228 etiam
739 2172 833 2230 liberis
852 2174 942 2229 adest.
978 2176 1033 2227 Cio.
1052 2175 1085 2229 de
1104 2177 1159 2228 Off.

173 2260 207 2326 1,
225 2260 275 2325 41,
297 2258 357 2314 147.
383 2257 433 2311 secl
457 2261 560 2322 etiam,
584 2258 651 2328 quid
672 2263 793 2332 quisque
817 2264 936 2322 sentiat,
964 2256 1048 2332 attiae
1071 2264 1158 2316 etiam

174 2345 280 2419 quaele
302 2339 409 2401 caussa·
443 2343 682 2397 Sueton.1ul.26.
704 2347 809 2401 tirones
831 2365 919 2418 aeque
936 2350 966 2400 iu
983 2347 1051 2401 ludo
1071 2369 1158 2420 neque

174 2449 226 2503 per
250 2428 385 2493 lanistas,
415 2430 465 2483 sed
490 2433 519 2483 in
545 2427 674 2483 dontibus
697 2448 748 2501 per
766 2434 871 2504 equites
895 2432 1056 2500 Romanos,
1074 2436 1159 2506 atque

175 2516 262 2570 etiam
278 2534 329 2587 per
348 2527 492 2570 senatores
510 2531 649 2568 armorum
668 2517 776 2585 peritos
803 2514 955 2570 erudiebat.
989 2516 1031 2583 65.
1065 2519 1159 2592 splen.

176 2600 274 2654 didam
301 2619 410 2673 quoque
437 2611 522 2672 atque
546 2602 632 2653 etiam
659 2599 839 2670 magnificam
859 2620 892 2652 ac
910 2620 1074 2671 generosam
1091 2625 1159 2677 quo.

175 2685 327 2740 dammodo
355 2689 493 2741 rationem
519 2683 628 2738 dicendi
645 2694 754 2737 ·tenere.
790 2683 843 2737 vid.
861 2687 1000 2739 Burmann.
1019 2691 1052 2741 ad
1072 2710 1095 2747 c.
1114 2692 1158 2745 76.

133 2782 137 2788 “
178 2782 206 2824 et
224 2773 394 2841 Oudendorp.
416 2771 449 2822 ad
467 2790 490 2822 c.
512 2766 555 2821 56.
589 2769 647 2822 Liv.
664 2766 715 2834 44,
731 2769 775 2822 22.
792 2773 822 2824 in
843 2769 969 2826 omnibus
986 2774 1097 2831 circuiit
1115 2790 1159 2832 at.
1213 2798 1217 2810 ·

179 2876 232 2930 qne
258 2861 360 2922 etiam,
385 2861 411 2912 ri
436 2855 492 2911 diis
517 2853 629 2926 placet,
655 2855 891 2920 concinuerunt,
914 2860 961 2928 qrei
977 2865 1113 2916 exercitus
1130 2867 1160 2918 iu
1258 2870 1261 2879 '

178 2943 385 3010 Macedoniam
401 2941 515 2996 ducant.
550 2940 604 2991 cic.
619 2939 648 2989 in
666 2941 744 2993 Verr.
766 2937 801 3005 4,
818 2938 868 3006 84,
887 2939 930 2994 76.
951 2960 1007 2994 non
1024 2946 1091 3000 bene
1109 2967 1158 3003 ex.

176 3028 260 3099 plicat
282 3029 409 3080 Matthiae
427 3027 502 3096 adp.
522 3027 591 3078 Mur.
608 3023 659 3089 34,
678 3023 721 3076 71.
738 3043 786 3094 per
807 3026 854 3078 red
872 3029 966 3080 etiam.

143 3144 146 3149 ·
215 3134 299 3187 Plaut.
317 3132 424 3184 Trucul.
444 3129 478 3197 5,
496 3129 522 3182 6.
539 3133 707 3186 commerito
736 3139 845 3183 ecastor
863 3128 916 3185 tibi
933 3148 1080 3191 succenset.
1116 3157 1159 3191 ru.

177 3217 284 3290 cgou'?
320 3228 404 3290 atque
428 3221 479 3271 'isti
506 3219 591 3270 etiam
620 3218 722 3285 param
755 3212 829 3266 male
856 3214 933 3269 volo.
970 3222 1066 3275 Verte:
1091 3224 1158 3277 ich?

124 3296 130 3306 ’
177 3299 314 3356 vielmelrr
331 3301 412 3356 meiu'
427 3300 485 3356 ielis
501 3301 578 3355 uiclrt
596 3317 627 3353 so
649 3297 717 3352 bose
734 3293 785 3351 mit
802 3290 869 3354 ihm.
903 3303 976 3355 Haec
1000 3325 1087 3358 secum
1113 3311 1158 3361 lo-

177 3389 275 3456 quitur.
308 3387 395 3438 Aliter
413 3386 554 3437 Lambinus
572 3402 674 3437 sensum
697 3385 781 3455 cepit:
802 3385 849 3436 sed
869 3388 940 3441 conf.
958 3386 990 3455 4,
1010 3388 1043 3454 4,
1063 3391 1107 3444 34.

120 3492 122 3494 ’
195 3491 247 3554 14.
280 3490 625 3578 Componunturnon
647 3497 776 3553 mutato
797 3510 895 3554 sensu
917 3509 1038 3569 ATQVE
1061 3515 1157 3564 Anno

222 3674 829 3750 Livius10,5,14.noupeteutamkatqae
853 3677 923 3731 adeo
949 3681 1036 3732 etiam
1061 3681 1159 3738 abreu-
1213 3718 1217 3725 -

181 3773 238 3814 tem
246 3771 369 3816 creatum
378 3762 515 3816 credidere
524 3760 645 3834 quidam.
666 3762 711 3812 ubi
728 3774 805 3815 erant
816 3766 860 3831 qui
876 3763 986 3813 alterum
1004 3775 1090 3826 utrum
1109 3789 1159 3822 ex·
1252 3813 1254 3820 ,

137 3914 141 3921 ν
179 3858 335 3916 pungerent.
362 3847 415 3900 vid.
429 3848 627 3899 Drakenborch.
646 3850 731 3900 Varro
749 3848 817 3916 apud
833 3846 948 3899 Nonium
964 3849 990 3912 2,
1008 3847 1068 3903 650.
1090 3854 1159 3910 mihi

118 3965 158 4015 εἴ
173 3929 270 4003 facies
288 3931 470 3986 maeandratu
487 3943 515 3986 et
534 3931 732 4000 vermiculata,
752 3943 836 4002 atque
853 3934 939 3987 etiam
956 3933 1027 3989 adeo
1046 3941 1159 4011 cingens
1258 3994 1262 3999 ,

123 4012 143 4041 *
170 4016 273 4091 „orbem
291 4030 389 4072 terrae.
410 4052 411 4056 =

142 4112 152 4137 '
178 4121 259 4186 .15.·
286 4123 335 4186 Ac
360 4156 403 4169 -·
432 4114 591 4199 QvOQve.
630 4121 680 4185 Ne
706 4107 777 4207 qitis
802 4133 915 4208 neget,
951 4126 1029 4190 haec
1060 4129 1158 4195 verba

115 4206 282 4274 communi
298 4207 437 4273 notione
455 4206 632 4291 contineri,
665 4209 850 4295 comparari
865 4218 977 4296 potest
993 4217 1158 4296 germani-
