2618 4770
143 292 208 356 316
634 284 705 352 AN.

34 456 38 461 “
141 449 179 523 2,
204 443 257 506 44.
280 463 349 506 non
365 438 502 526 impulit
519 460 591 513 me,
615 437 701 503 haec
725 460 815 502 nunc
840 439 979 504 omniuo
1007 451 1045 507 ut
1066 443 1163 511 made

140 549 223 592 rem.
247 527 356 615 Atque
370 524 465 591 lzaud
480 525 549 588 seio
566 545 624 598 uu,
647 547 733 610 quae
749 523 848 600 dixit,
870 527 941 590 siut
959 548 1041 591 vera
1057 531 1172 595 omniu.

140 633 254 677 sensus
282 636 350 677 esse
375 621 503 699 potest:
535 631 605 672 non
633 609 731 673 credo
754 608 972 675 haecomnia
995 633 1072 677 vcra
1095 637 1164 679 essee

140 707 173 762 et
191 698 236 761 ita
252 718 425 785 perperam
442 695 599 782 explicuit
622 695 819 781 Bergmann.
835 695 870 759 in
884 699 1011 765 Aunot.
1029 698 1070 762 ad
1088 699 1165 788 Flog.

138 783 363 847 Hemsterhus.
373 805 406 868 p.
417 786 490 845 312.
509 791 617 843 tamen
628 779 784 845 Chremes
791 779 869 845 haec
881 782 969 846 vult:
993 783 1166 872 nouimpu-

137 867 178 933 lit
198 891 270 946 rna,
298 867 379 932 haec
401 876 438 930 ut
453 866 639 942 crederem,
663 873 760 951 atque
785 866 820 950 (i.
845 889 873 931 e.
898 877 929 930 et
945 868 1049 946 item,
1064 869 1167 935 sivest

35 996 39 1004 -
139 953 235 1039 adeo)
261 953 373 1017 omnia
388 975 463 1016 vera
488 973 556 1015 esse
580 962 733 1037 possunt.
776 951 862 1015 Nam
886 953 1082 1018 autiudicat
1103 954 1165 1019 alie·
1203 1026 1205 1033 ¹

138 1061 216 1103 nam
243 1049 273 1102 et
301 1039 498 1102 contrariam
516 1037 731 1117 sententiam,
758 1044 858 1123 quam
880 1059 943 1102 nos
963 1040 1165 1126 exprimimus
1202 1044 1205 1059 '

137 1123 244 1188 verbis
268 1122 309 1187 ob
332 1123 507 1202 viebuelir,
539 1132 571 1186 et
592 1122 805 1208 interposita,
865 1143 923 1187 uae
947 1125 1164 1212 grammaticas

139 1231 237 1296 saepe
259 1207 395 1281 fefellit,
425 1206 598 1294 negatione
618 1205 659 1270 ob
674 1206 769 1270 uiolet
792 1144 985 1274 uieimeltr..
1012 1209 1058 1274 Et
1079 1208 1165 1275 hobe-

138 1314 214 1358 mus
230 1294 327 1358 huius
352 1292 545 1358 offensionis
562 1291 766 1355 luculentum
782 1295 974 1379 exemplum
993 1294 1029 1359 in
1046 1295 1164 1361 Terent.

138 1379 275 1443 Phorm.
292 1380 330 1458 5,
353 1384 393 1460 2,
416 1384 447 1443 9.
470 1379 511 1442 D.
535 1377 659 1442 Etiam
673 1375 755 1441 idue
770 1377 909 1442 dubium
923 1377 1000 1445 est?
1019 1381 1062 1446 G.
1075 1379 1165 1446 Haud

137 1465 226 1541 scic,
250 1463 377 1537 hercle,
396 1475 433 1529 ut
447 1465 595 1541 lmuzost,
626 1485 674 1527 uu
696 1474 801 1527 nectet
826 1465 992 1529 animum.
1033 1468 1077 1530 D.
1094 1465 1168 1531 Hem'

135 1561 243 1615 mutet
258 1547 400 1615 etitem?
422 1551 463 1615 G.
487 1547 622 1614 Nescia.
644 1571 757 1613 uerum
778 1549 814 1613 ai
826 1547 942 1638 forte,
964 1551 1058 1616 dica.
1094 1552 1163 1617 Haec

135 1635 237 1723 igitur
262 1636 453 1724 ambiguitas
483 1659 525 1700 ne
555 1635 779 1722 perspicuitati
811 1647 964 1713 noceret,
1001 1635 1162 1724 prudenter

139 1732 294 1786 caverunt
317 1723 481 1785 constanti
501 1721 646 1809 quodam
669 1741 731 1783 usu
756 1721 956 1807 antiquiores
981 1722 1161 1809 scriptores:

133 1807 304 1894 inquibus
329 1808 361 1871 id
386 1818 459 1871 aute
474 1807 585 1870 omnia
609 1806 805 1881 tenendum,
833 1830 881 1870 au
903 1814 973 1871 non
997 1805 1161 1893 significare

135 1893 330 1980 simpliciter
348 1891 406 1969 oli,
429 1893 485 1955 sed
505 1893 538 1954 in
557 1890 794 1954 recentioribus
810 1901 938 1958 tantum
950 1893 1059 1959 minui
1079 1895 1159 1957 istam

137 1980 201 2042 vim
219 1978 455 2042 disiunctivam.
508 1977 639 2038 Plautus
665 1986 808 2060 quatuor
824 1976 908 2041 loeis
925 2000 943 2041 a
958 1978 1058 2044 nobis
1074 1978 1158 2043 allatis

134 2063 305 2149 usurpavit
319 2061 431 2125 nescio
446 2062 481 2124 in
497 2059 672 2124 bimembri
690 2059 926 2128 disiunctione:
946 2085 1111 2150 nusquam
1122 2063 1158 2126 di·

133 2150 183 2212 xit
204 2147 316 2211 nescio
339 2169 406 2210 au:
434 2147 481 2209 bis
514 2147 597 2208 dixit
623 2145 719 2210 licuit
740 2147 810 2211 scia
832 2172 900 2212 uu:
919 2148 1067 2215 Mostell.
1082 2153 1157 2224 3,l.·

64 2226 68 2234 ⁸
131 2238 185 2298 96.
202 2230 492 2308 nunclumclmud
503 2233 573 2296 scic
587 2255 633 2296 uu
643 2230 827 2320 colloquar.
837 2233 1059 2320 congrediar.
1076 2233 1156 2322 Epid.
1180 2260 1185 2267 ’

44 2314 51 2327 “
131 2319 170 2394 4,
193 2323 230 2392 1,
256 2321 304 2380 16.
334 2315 431 2380 liuud
460 2318 529 2380 scio
556 2340 603 2380 ou
627 2316 854 2404 congrediar,
885 2320 918 2383 si
938 2314 1025 2410 baec
1048 2310 1156 2384 eci-eal.

131 2401 190 2464 ubi
212 2402 393 2486 loquuntur
415 2403 451 2466 in
475 2402 683 2468 cunctatione
712 2401 927 2485 haesitantes,
961 2405 1020 2470 sed
1042 2405 1083 2471 ad
1102 2424 1155 2469 rem

133 2486 292 2572 agendam
312 2487 516 2551 inclinantes.
560 2488 669 2552 Etiam
687 2488 861 2552 Terentius
886 2512 1072 2577 numquam
1094 2489 1157 2557 dixit

130 2573 241 2636 nescio
259 2596 324 2652 ou,
347 2572 403 2636 sed
422 2584 563 2660 quatuor
580 2573 662 2638 locis
676 2568 772 2640 teau
785 2576 855 2639 scio
872 2598 930 2639 an.
960 2576 1064 2640 Andr.
1079 2580 1115 2656 3,
1133 2578 1156 2652 2,

129 2656 182 2721 45.
205 2658 340 2723 Pharna.
365 2660 404 2739 5,
426 2668 465 2739 2,
485 2664 516 2723 9.
540 2659 687 2736 1111514,
707 2659 747 2739 5,
769 2665 823 2724 33.
877 2661 914 2724 ui
934 2658 1058 2748 infelix
1080 2655 1161 2725 baud
1188 2699 1192 2702 -

129 2743 201 2806 seio
226 2767 274 2807 are
299 2744 397 2807 illum
427 2745 548 2812 misere
575 2767 665 2808 nuuc
697 2757 804 2811 amat.
873 2755 958 2809 aaut.
987 2748 1028 2825 5,
1056 2752 1093 2826 2,
1119 2745 1157 2816 te

131 2828 238 2893 etium
251 2829 347 2893 laced
369 2829 439 2894 seio
457 2853 503 2894 an
525 2829 664 2894 ararem
690 2830 806 2894 ducat.
838 2830 894 2894 ubi
919 2828 1156 2895 Westerhovius

130 2910 213 2978 bene
233 2914 433 2996 observavit«,
456 2939 523 2980 esse
546 2915 725 2980 formulam
743 2916 922 2979 verecunde
938 2926 970 2979 et
988 2916 1103 2980 timide
1120 2938 1158 2980 as·

128 3001 316 3063 severantis.
352 3001 494 3081 Cicero,
522 2998 682 3064 Liviuset
697 3000 751 3064 alii
773 3003 952 3088 scriptores
976 3003 1090 3066 nescio
1113 3021 1161 3075 au,

128 3093 162 3146 et
179 3084 275 3147 haurd
289 3085 357 3146 scio
374 3109 420 3148 uu
435 3087 480 3150 ita
493 3087 666 3164 dixerunt,
687 3096 725 3147 ut
739 3085 996 3150 affirmationem
1010 3091 1160 3175 ponerent

128 3189 197 3232 non
213 3171 317 3232 modo
336 3191 377 3232 ex
402 3170 505 3235 aliena
530 3181 584 3234 aut
607 3169 732 3234 ironice
756 3171 838 3234 dieta
863 3173 1041 3253 sententia,
1074 3189 1160 3259 quam

127 3275 189 3317 nos
206 3254 373 3318 reddimus
390 3256 513 3334 verbis,
535 3257 590 3320 iet
605 3252 701 3341 weiss
723 3254 936 3338 5115]ιηί5111,
961 3259 1020 3321 sed
1047 3259 1091 3322 ob
1114 3278 1161 3321 ur-

74 3360 80 3369 ·
126 3339 278 3407 bonitatis
304 3339 566 3405 moderationem
584 3340 664 3404 etin
684 3340 865 3404 adhibenda
882 3342 1074 3430 prudentiae
1094 3363 1162 3410 cau·

125 3425 228 3489 tione.
278 3425 364 3488 Nam
397 3427 609 3493 verecundiae
633 3436 664 3489 et
690 3425 881 3490 urbanitatis
914 3437 946 3490 et
977 3429 1163 3515 prudentiae

126 3531 239 3574 caussa
256 3532 309 3589 ea,
356 3531 434 3589 uae,
458 3511 486 3572 si
502 3512 649 3575 animum
667 3510 832 3575 declarare
856 3521 888 3575 et
911 3511 1052 3596 ingenue
1078 3510 1163 3599 loqui

128 3594 272 3669 deerret,
298 3532 394 3658 n'dbis
416 3593 607 3659 affirmanda
638 3605 763 3676 essent,
799 3597 840 3660 ad
871 3595 1112 3662 dubitationem
1127 3604 1164 3665 qel

125 3680 313 3743 simulatam
328 3680 489 3743 inscitiam
509 3680 702 3762 referimus,
725 3682 817 3767 quasi
838 3683 1020 3746 nesciamus
1038 3684 1090 3747 vel
1108 3684 1164 3747 du·
1191 3747 1193 3754 ,

125 3763 284 3847 bitemus,
303 3775 376 3829 utra
394 3787 411 3829 c
430 3765 553 3829 duabus
569 3766 665 3830 rebus
682 3767 818 3855 probari
835 3767 967 3843 debeat,
988 3778 1101 3832 tamen
1120 3769 1164 3832 al·

124 3851 184 3913 teri
201 3851 267 3930 rei,
291 3873 373 3936 quae
389 3851 511 3932 aliena,
536 3862 591 3914 aut
615 3851 685 3915 aliis
707 3850 898 3915 hominibus
913 3853 1023 3916 minus
1042 3855 1164 3941 proba·

27 3994 30 3999 .
123 3935 195 3998 bilis
220 3958 286 3998 esse
309 3936 474 4017 videatur,
496 3937 657 4000 maiorem
684 3936 949 4022 probabilitatem
974 3939 1164 4004 tribuamus.

123 4021 172 4085 De
198 4041 265 4105 quo
291 4041 351 4085 usu
375 4023 565 4104 rhetorico,
594 4023 660 4085 iam
682 4022 832 4086 Manutio
856 4023 913 4104 (ad
931 4023 997 4088 Cic.
1018 4023 1122 4112 Epist.
1136 4031 1163 4105 9,

123 4110 182 4189 9.),
216 4105 375 4170 Lambino
400 4108 456 4195 (ad
476 4108 542 4173 Cic.
564 4109 652 4174 Lael.
679 4107 738 4191 6.),
756 4106 910 4175 Ernestio
934 4108 1071 4196 aliisque
1085 4111 1164 4176 bene
