2618 4770
42 334 44 341 ,
127 272 225 375 ts]
485 256 666 384 1,·11,
711 300 800 367 nes,

215 454 382 520 111νί11121,
403 455 455 521 88,
482 457 506 510 1.
542 461 569 512 iu
599 457 947 527 ltaliamperventumest
969 461 1066 533 quinto
1086 477 1124 514 mt

194 562 212 595 a
229 539 405 613 Karthagine
422 560 511 610 nova.)
531 544 602 612 quod
625 543 739 594 breviter
757 543 855 593 dictum
881 546 1057 613 propquinto
1080 564 1121 596 me

193 636 329 694 postquam
357 644 372 676 a
395 626 560 694 Karthagine
582 628 766 679 discesserant.
803 629 833 676 ln
850 629 939 679 Taciti
952 634 1019 681 Anu.
1039 631 1074 693 1,
1095 631 1124 681 19

192 711 239 768 26.
265 714 360 765 missio
385 728 404 762 a
428 711 547 765 sedecim
574 714 664 767 dunis.
689 721 730 764 est
753 711 843 763 missio
873 724 934 781 post
956 715 1069 767 sedecim
1094 732 1124 765 an

192 796 311 864 militiae.
607 848 613 867 ἱ

229 869 450 950 viu‘ourmann.
471 895 505 946 ud
520 896 627 946 Petron.
640 893 684 947 24.
701 906 728 948 et
742 894 784 949 80.
798 895 832 948 ad
850 895 927 948 ovid.
946 896 1009 948 Her.
1026 894 1052 960 5,
1069 893 1124 948 152

191 984 298 1036 Metam.
318 978 353 1044 3,
377 977 436 1031 566.
455 980 613 1047 interpretes
649 982 683 1031 ad
704 983 776 1032 curt.
798 980 832 1046 6,
860 981 893 1046 1,
911 982 954 1033 20.
978 982 1122 1032 Markland

133 1066 137 1077 ’
191 1067 339 1120 suusne.
368 1064 393 1126 1,
418 1065 452 1128 a,
476 1062 535 1115 144.
551 1063 725 1116 nuenmann.
751 1067 783 1118 r.
800 1067 825 1119 e.
841 1085 867 1135 p.
885 1065 946 1119 801.
966 1052 997 1118 ’1.
1015 1064 1057 1117 15.
1092 1068 1125 1116 n

192 1149 312 1220 exemplu
336 1149 439 1204 noterit
465 1167 481 1201 e
507 1147 647 1202 Scribonio
661 1150 712 1206 ¹Io.
736 1149 855 1203 Rhodius
880 1148 909 1202 iu
931 1150 1031 1203 Lexico
1054 1151 1125 1204 Sosii

191 1257 218 1309 p.
234 1234 296 1291 343.

227 1335 353 1404 Ambigua
379 1350 436 1387 esse
460 1329 563 1386 videtui
592 1332 732 1403 explicatio
757 1333 785 1386 iu
803 1337 911 1386 Sueten.
932 1337 1000 1401 Auge
1016 1332 1041 1386 8.
1058 1332 1125 1388 vixi

187 1421 288 1495 firntus
306 1443 324 1475 a
341 1422 422 1494 gravi
443 1417 618 1475 naletudine.
644 1421 713 1488 quod
734 1421 864 1484 reddunt,
890 1431 952 1488 post
969 1436 1075 1487 gravem
1099 1439 1125 1471 m

192 1509 261 1560 bum.
295 1508 363 1561 Num
387 1504 534 1572 comparari
555 1515 644 1572 potest
662 1505 744 1556 dictio
767 1525 786 1557 a
807 1503 902 1557 ntorlro
926 1503 1037 1566 velere,
1065 1505 1099 1556 de
1121 1523 1125 1552 1

154 1581 157 1586 ’
191 1593 268 1646 nobis
293 1592 402 1661 posthac
421 1607 508 1641 sermo
534 1589 595 1641 erit.
621 1591 723 1657 Neque
743 1589 795 1645 huc
818 1590 954 1642 retulerim
979 1589 1065 1640 Plaut.
1092 1589 1126 1640 Po

192 1677 210 1733 3
219 1716 227 1744 ,
244 1675 277 1741 3,
294 1675 321 1728 4.
347 1687 432 1750 atque
449 1674 546 1730 eudem
561 1673 690 1727 mulieres
705 1677 762 1728 ium
778 1671 814 1727 ab
828 1694 857 1728 re
872 1666 984 1735 ilibino,
1003 1673 1098 1736 credo,
1121 1702 1126 1726 t

188 1761 327 1837 parebunt
351 1762 437 1815 domi.
461 1759 583 1834 intelligo
605 1759 745 1829 redeuntes
770 1761 802 1812 ab
828 1776 857 1810 re
881 1759 978 1810 divina.
1002 1758 1082 1811 ovid,
1105 1760 1126 1808 il

188 1848 225 1914 3,
242 1845 285 1900 95.
315 1844 365 1900 ille
385 1841 476 1914 ferox
501 1846 604 1913 positis
624 1848 736 1899 secessit
758 1843 794 1899 ab
822 1847 915 1896 erneis.
941 1842 1053 1893 mirabili
1078 1859 1126 1893 ern

189 1932 349 1986 Burmannus
375 1928 518 1997 explicuit,
550 1939 612 1997 post
639 1947 710 1980 arma
732 1930 819 1998 positu
844 1927 958 1980 secessit.
993 1930 1025 1978 ln
1048 1928 1126 1996 Propi

191 2021 225 2082 1,
251 2016 301 2080 13,
325 2009 368 2066 24.
387 2012 576 2064 restituendum
596 2024 687 2066 estex
706 2015 820 2089 antiquie
840 2015 916 2065 libris
928 2032 934 2064 :
946 2015 1045 2067 'sensit
1062 2015 1092 2066 in
1116 2019 1127 2068 t

189 2101 261 2154 taeis
283 2097 390 2170 gaudia
411 2099 504 2167 prima
521 2099 604 2168 iugis.
624 2116 674 2168 pro
689 2116 721 2152 eo
730 2138 739 2165 ,
758 2099 829 2169 quod
841 2100 957 2167 Scaliger
969 2097 1040 2151 haud
1055 2098 1127 2152 felici

189 2183 337 2237 emendarit
352 2179 388 2234 ab
409 2180 524 2239 Oetaeis
539 2186 621 2255 iugis.

224 2302 350 2373 Exemplo
368 2300 479 2377 omissae
495 2301 699 2379 praepositionis
716 2310 854 2356 rarusunt
872 2320 902 2355 uo
917 2302 1003 2355 dubia.
1021 2301 1080 2356 Liv.
1096 2302 1127 2368 1,

186 2388 344 2446 detentum
358 2398 450 2441 tamen
465 2405 533 2458 opes
557 2400 698 2455 creverant
718 2417 747 2428 -
765 2399 796 2442 ut
810 2408 845 2443 ne
871 2401 959 2443 morte
973 2389 1101 2451 Aeneae,
1121 2409 1127 2441 1

186 2475 343 2531 deinde-
366 2490 475 2528 movere
495 2491 631 2538 11111111-
654 2474 768 2530 accolae
790 2477 853 2530 ausi
873 2477 940 2529 sint.
974 2477 1039 2529 Esse
1054 2474 1127 2527 videt

187 2570 307 2631 tempore
328 2559 429 2611 mortis.

201 2681 234 2744 2.
280 2674 366 2744 Tem
394 2675 460 2742 oris
497 2674 683 2742 distantium
717 2672 930 2765 intelligimus
963 2676 999 2741 in
1029 2673 1128 2741 form·

117 2767 157 2833 lis
187 2784 302 2834 recens
331 2788 354 2829 o
404 2759 524 2850 aliquo
547 2786 602 2844 re,
638 2783 747 2847 nrtper
779 2761 823 2836 ob
845 2762 964 2849 aliquo
981 2778 1033 2826 re.
1078 2764 1128 2828 Ha

34 2886 38 2897 =
117 2853 207 2918 enim
229 2848 348 2931 verba,
388 2868 470 2936 quue
497 2847 644 2936 tempori
668 2849 808 2945 propriu
831 2857 925 2929 sunt,
958 2869 1034 2911 cum
1049 2853 1128 2912 nom

117 2939 213 3003 nibus
235 2935 391 3017 locorum
414 2943 447 2998 et
474 2952 588 3000 renum
608 2943 871 3021 coniunguntur,
899 2928 984 3019 ¹quae
1000 2942 1128 3022 tempor

116 3024 281 3090 rationem
302 3019 517 3113 constituunt..
618 3064 623 3075 .

222 3144 276 3195 Cic.
294 3140 327 3193 de
344 3141 406 3193 Nut.
424 3135 450 3190 d.
467 3134 501 3203 3,
520 3135 553 3202 5,
571 3137 613 3190 11.
643 3139 793 3202 Homerus,
819 3140 868 3214 qui
890 3130 1033 3193 recenset>
1048 3133 1129 3190 ilion

183 3239 278 3284 aetate
287 3223 364 3298 fuit.
381 3250 417 3264 -
439 3225 528 3276 varro
542 3223 575 3275 de
600 3226 740 3288 111112,
757 3223 790 3288 8,
806 3223 833 3276 2.
856 3222 966 3295 pullum
988 3224 1129 3275 asininum

184 3323 270 3385 portu
294 3318 430 3364 recentem
454 3304 606 3362 subiiciunt
633 3326 728 3382 equae.
752 3309 847 3376 virgil.
865 3313 929 3365 Aen,
947 3306 973 3373 6,
993 3307 1054 3359 450.
1072 3326 1129 3362 rece

184 3415 204 3452 (1
220 3397 332 3452 volnere
349 3392 426 3448 Dido
441 3391 550 3448 errabat
564 3392 639 3447 siloa
653 3396 682 3467 in
697 3406 808 3464 niagno.

216 3481 313 3541 ‚Florus
330 3476 356 3546 4,
373 3480 400 3544 2,
417 3477 460 3531 67.
477 3483 537 3534 eius
558 3477 710 3549 elephanti,
732 3474 867 3531 bellorum
883 3473 965 3530 rudes
988 3487 1017 3532 et
1029 3493 1126 3552 *nuper

184 3567 259 3625 silva
272 3568 440 3622 consternati
456 3561 550 3620 subito
566 3561 706 3634 clangore·

195 3675 230 3738 3.
260 3670 413 3736 Diximus
436 3664 482 3731 de*
499 3663 746 3752 praepositione
762 3661 862 3730 nain
881 3659 1084 3749 designando
1102 3684 1130 3727 o:

55 3756 64 3767 ”
115 3753 190 3820 dine
214 3767 381 3844 usurpate
425 3754 533 3837 Atque
551 3773 588 3814 eu
605 3749 703 3812 etium
720 3751 760 3813 de
779 3768 920 3813 numero
965 3747 1079 3811 unitur
1098 3771 1130 3811 ur

61 3905 64 3914 ,
114 3861 256 3922 norum,
295 3843 347 3908 vel
372 3839 413 3902 de
440 3836 602 3922 temporis
625 3834 818 3915 intervallo,
854 3854 924 3919 quo
978 3834 1129 3920 interpos

109 3933 189 3991 tum
209 3927 271 4010 sit,
297 3937 353 3992 nut
373 3940 440 4011 quo
456 3920 579 4006 aliqud
596 3918 635 3983 ab
655 3919 763 4006 ulique
780 3941 818 3984 re
832 3917 940 3982 distet.
1015 3955 1018 3958 ⁴

227 4045 282 4100 Cic.
295 4045 329 4099 de
346 4049 420 4099 Orat.
437 4041 471 4106 2,
491 4039 543 4103 21,
554 4037 596 4090 89.
613 4041 663 4094 vix
676 4057 767 4113 ennete
783 4036 972 4092 intercesserat
987 4032 1024 4092 et»
1038 4034 1092 4091 noe
1107 4055 1130 4094 st

184 4149 265 4190 mone
283 4129 486 4188 cohortationis
507 4142 600 4193 meae,
625 4141 708 4199 quum
736 4127 790 4181 iste
821 4125 962 4180 accusavit
987 4123 1017 4180 G·
1047 4122 1129 4180 Nori
