2618 4770
464 142 469 187 ,¹

457 324 732 406 usuratu
1041 329 1102 394 501
1190 278 1192 283 ¹
1253 276 1256 283 ’

53 488 96 549 ita
129 483 279 570 loquitur
300 501 400 568 quam
428 479 540 544 Celsus
569 477 716 543 medicus
738 490 770 543 et
793 479 974 549 Phaedrus.
1003 483 1110 555 Gouf.
1194 528 1201 545 .

51 598 85 660 p.
110 571 183 634 480.
622 576 625 581 ’

167 673 256 723 Celsus
280 670 314 734 7,
341 671 384 722 20.
410 679 544 721 tumorem
570 670 701 730 excitent,
718 676 802 736 atque
824 671 866 721 ita
880 665 940 736 fiat
960 668 1030 723 mali
1047 689 1103 724 non

116 756 204 827 finis,
222 755 272 809 sed
291 756 418 807 mutatio.
437 754 463 816 2,
484 753 525 804 11.
546 746 574 807 in
592 771 707 805 aeneum
726 748 906 804 linamentum
924 754 1024 807 ardens
1040 772 1105 808 eon·

123 844 230 907 iicitur,
257 860 289 893 ac
315 844 355 892 sic
378 857 410 890 os
434 841 494 891 eius
522 838 633 907 corpori
655 846 778 906 aptatur.
812 837 922 889 Phaedr.
947 838 978 903 1',
1001 838 1108 904 1:13..

121 939 207 999 atque
229 931 271 980 ita
288 934 442 995 correptum
462 922 576 976 incerat.
611 921 644 986 4,
663 921 695 987 8,
715 923 740 973 9.
774 926 881 974 Sueten.
903 923 976 974 Caes.
990 916 1045 976 ¹13:
1060 923 1104 980 83.
1189 955 1193 961 ,
1251 961 1276 1013 ⁴·

122 1013 165 1065 82.
188 1016 252 1080 Aug.
272 1006 380 1069 ,1.19.1

50 1131 55 1138 ,
122 1103 170 1176 ¹7.
200 1099 261 1165 Per
277 1108 377 1186 atque
393 1095 441 1174 si,
456 1090 507 1157 ‘ac
521 1091 553 1154 si
568 1100 623 1154 aut
640 1091 856 1238 componitur
871 1115 946 1159 cum
963 1115 999 1158 re
1019 1092 1105 1168 dicta

54 1186 115 1253 alia
138 1207 189 1247 res
216 1204 319 1269 aequa
339 1181 486 1259 ratione,
512 1187 567 1240 aut
588 1176 705 1239 adscen
732 1177 757 1239 it
782 1181 896 1261 oratio¹
911 1181 954 1245 ad
977 1179 1105 1243 maiora

55 1273 105 1337 vel
135 1269 297 1356 graviora.
351 1267 456 1352 Saepe
486 1265 521 1328 in
551 1263 632 1350 ipsis
661 1252 1105 1350 temperationibus'ioeum

55 1358 195 1424 obtinet.

158 1476 247 1527 Celsus
265 1471 297 1535 6,
315 1467 341 1521 4.
359 1469 418 1540 pili
433 1475 552 1542 primum
569 1481 770 1537 extenuantur,
791 1454 895 1526 deinde
907 1456 1057 1546 excidunt:
1071 1491 1106 1527 ac
1179 1503 1182 1516 ·

122 1562 148 1615 si
166 1561 236 1612 ictus
254 1560 278 1615 is
297 1555 373 1608 locus
392 1565 448 1617 est,
467 1560 583 1627 sanguis
601 1560 660 1610 exit
676 1555 808 1632 liquidus.
822 1628 824 1633 .
840 1555 872 1635 d,
886 1557 912 1613 8.
941 1559 1106 1628 ιῇἒ,,ηιαὲηο·

122 1666 188 1719 pere
205 1641 387 1696 necessarium
404 1651 462 1703 est,
483 1660 570 1711 neque
589 1640 653 1704 dari
672 1639 763 1711 cibant
776 1651 836 1715 vete.
854 1669 888 1682 —
910 1641 952 1696 Ac
978 1646 1106 1713 nisime·

122 1749 244 1804 gnopere
265 1725 362 1796 aliqua
381 1744 423 1779 res
438 1723 584 1797 prohihet,
603 1727 773 1806 interlinitia.
787 1728 902 1801 sq'nguis
920 1730 997 1781 mitti
1016 1726 1106 1780 debet.

124 1817 210 1882 Vulgo
234 1811 412 1880 interponitur
437 1829 546 1864 comma.
580 1814 639 1865 Alia
659 1812 720 1865 vide
733 1832 759 1881 p.
777 1810 837 1863 499.
865 1812 1062 1876 Ammianffi,
1079 1813 1106 1877 4,

123 1903 165 1953 rt.
190 1897 241 1962 96,
261 1895 293 1961 9,
313 1895 338 1948 5.
373 1881 619 1949 1)ε1ἐιπΙειι](1α”εεῑΙ
636 1898 813 1968 praestantior
840 1882 970 1973 scriptura
996 1898 1024 1949 in
1040 1899 1106 1971 'Ho-

124 1997 174 2039 rat.
192 1987 246 2034 Sat.
263 1982 296 2047 2,
314 1982 347 2046 2,
371 1981 430 2047 118.
450 2002 483 2035 ae
502 1982 571 2037 mihi
588 2001 635 2056 seu
665 1983 781 2056 lengum
804 2001 871 2054 post
896 1967 1005 2052 ternpus
1027 2001 1108 2035 vene·

123 2082 168 2127 rat
184 2068 303 2140 hospes,
325 2072 383 2123 sive
401 2079 451 2120 etc.
486 2071 539 2121 Fea
548 2089 557 2134 ,·
572 2071 623 2121 vim
643 2054 789 2138 peiticulae
803 2086 859 2120 non
870 2052 1035 2136 intelligent,
1056 2068 1107 2120 de-

125 2158 165 2208 dit
182 2165 230 2221 at,
248 2154 327 2223 idque
346 2164 445 2205 temere
461 2156 585 2223 probavit
601 2156 775 2208 Kirchnerus.
1026 2152 1049 2169 “’
1108 2162 1111 2167 “

158 2262 200 2310 Ita
223 2257 386 2327 expedienda
412 2269 473 2308 sunt
495 2259 574 2310 verba
598 2260 705 2311 Horatii
732 2263 786 2311 Set.
815 2259 847 2324 1,
864 2259 897 2323 1,
912 2246 954 2310 86.
973 2256 1107 2318 Miraris,

123 2363 205 2417 quum
224 2353 255 2395 tu
275 2352 391 2419 argento
412 2351 481 2414 post
496 2347 590 2401 omnia
611 2363 719 2416 ponas,
739 2349 859 2399 sinemo
878 2330 1012 2415 praestet,
1028 2347 1109 2412 quem

123 2449 180 2483 non
198 2430 342 2489 merearis,
366 2429 516 2480 numum?
542 2432 586 2484 Ac
605 2431 629 2482 si
651 2440 801 2502 cognatos,
827 2427 907 2483 nullo
934 2437 1037 2481 natura
1066 2423 1108 2478 la·

124 2514 190 2569 bore
210 2531 279 2585 quos
300 2510 352 2571 ribi
371 2512 437 2577 dat,
457 2517 574 2568 retinere
591 2514 663 2569 velis
684 2519 844 2587 servareque
861 2517 982 2578 anticos,
1001 2504 1108 2580 infelix
1169 2558 1173 2570 ,

58 2622 59 2625 “
123 2618 237 2669 operam
254 2598 365 2667 perdas.
401 2601 517 2662 Quorum
534 2616 625 2650 sensus
645 2611 699 2651 est:
726 2618 780 2652 uon
807 2600 885 2651 modo
913 2615 968 2649 non
992 2610 1109 2646 amorem
1173 2600 1178 2615 '·

65 2687 67 2700 '
123 2687 174 2737 tibi
194 2685 375 2753 comparabis,
400 2687 447 2737 sed
465 2702 498 2736 ne
516 2685 631 2743 retinere
649 2680 755 2754 quidenr
772 2695 799 2737 et
817 2701 922 2736 servare
939 2681 1037 2732 amicos
1053 2695 1107 2748 po-

124 2772 189 2822 teris
210 2780 352 2838 cognatos,
372 2769 504 2837 quos'tibi
522 2780 615 2820 natura
633 2769 721 2821 dedit:
740 2790 773 2822 aa
790 2773 815 2823 si
835 2779 876 2821 est
893 2778 972 2835 atque
990 2765 1056 2816 adeo
1075 2762 1107 2814 si.
1195 2832 1197 2837 ,

124 2858 159 2908 Et
182 2857 220 2906 ita
237 2855 403 2907 scribendum
424 2872 496 2919 esse,
517 2872 571 2905 non
589 2873 643 2920 an,
659 2855 728 2907 bene
745 2855 878 2907 intellexit
896 2849 1072 2904 Heinduriins.

124 2961 266 3109 hAeru
282 2975 381 3024 Auno
392 2975 424 3020 sr
439 2954 600 3052 significat
615 2956 769 3041 etiamsi,
800 2957 873 3022 unct
894 2958 1003 3021 nean¹
1017 2951 1108 3017 deun

56 3068 124 3111 auc
148 3090 157 3108 .

170 3163 255 3215 Tacit.
276 3163 346 3214 Diei.
365 3163 397 3215 de
414 3167 486 3214 Orat.
508 3162 549 3214 10.
573 3172 657 3233 atque
677 3160 748 3216 adeo
774 3165 799 3220 si
817 3163 878 3235 quis
893 3165 1047 3235 requiricet,
1067 3176 1108 3213 se·

127 3247 182 3300 mel
201 3247 292 3309 vidie,
312 3251 413 3301 transit
432 3257 460 3304 et
478 3259 622 3300 contentus
635 3243 693 3301 est.
870 3240 872 3244 ¹

143 3354 175 3414 8.
210 3349 364 3422 Barthius
396 3349 438 3417 ad
464 3350 557 3423 Statii
582 3350 688 3415 Theb.
713 3350 751 3427 4,
783 3350 856 3415 824.
879 3347 984 3414 verbis
1012 3366 1108 3407 com-

58 3437 176 3522 positis
201 3447 302 3523 atque
330 3435 455 3522 uliquis
479 3458 674 3522 expressum
702 3448 771 3500 esse
804 3445 915 3522 putat,
951 3430 1040 3516 quod
1067 3430 1108 3496 ad

59 3522 171 3608 plures
194 3523 358 3608 pertineat
387 3521 518 3590 ab‘uno
545 3521 643 3593 effici.
697 3522 761 3586 Sed
787 3520 912 3585 fallitur
935 3515 1107 3602 exemplis,

61 3627 205 3692 quorum
223 3608 256 3676 in
276 3608 377 3670 altero
397 3607 506 3679 Ovidii
525 3607 604 3671 Met.
628 3609 666 3684 4,
695 3613 767 3679 187.
793 3620 893 3692 utque
906 3601 1051 3665 refertur
1065 3600 1107 3663 ad

13 3716 15 3731 ·
58 3692 258 3779 praecedens
282 3693 439 3778 turpiter.
494 3691 532 3754 In
561 3694 694 3783 reliquis
719 3695 929 3757 continuatur
960 3688 1106 3751 narratio
1159 3770 1163 3779 ι

62 3798 119 3861 eo,
144 3799 244 3863 quem
260 3778 421 3859 diximus,
445 3778 561 3842 modu.
1158 3784 1161 3789 '

144 3869 175 3927 9.
212 3866 412 3928 ACPOTIVS.
453 3867 515 3928 Per
537 3888 579 3928 nc
603 3860 757 3948 coniungi
778 3882 850 3922 rem
872 3860 1005 3922 maioris
1029 3878 1108 3920 rno-

60 3950 166 4012 menti
189 3950 331 4012 vidimus
349 3972 384 4034 p.
407 3951 481 4014 466.
519 3952 606 4015 Haec
626 3952 672 4014 vis
697 3957 871 4031 tantopere
892 3944 1001 4031 augeri
1028 3953 1107 4028 pot·

62 4045 128 4114 est,
167 4045 202 4097 ut
233 4032 372 4097 addatur
399 4037 524 4119 potius.
582 4035 765 4119 Heusinger
788 4032 828 4094 ud
852 4030 919 4095 Cic.
949 4027 1048 4092 Osfic.
1074 4032 1105 4102 5,

60 4124 100 4200 6,
127 4126 176 4185 16.
200 4133 232 4182 et
247 4119 406 4184 Matthiae
426 4121 466 4183 ad
488 4121 592 4211 Epist.
618 4126 670 4186 27.
696 4142 729 4204 p.
751 4121 803 4180 73.
824 4138 887 4204 pre
909 4115 971 4179 sed
988 4113 1106 4200 potins

60 4206 144 4292 poni
165 4204 342 4274 affirmant.
394 4204 495 4286 Quod
514 4230 593 4276 vero
619 4208 705 4272 inter
729 4213 904 4289 utramque
928 4202 1106 4266 dictionem
1134 4227 1138 4236 ¹
