2618 4770
572 327 642 395 AN·
756 356 758 360 J
853 381 858 426 2
1054 343 1134 406 ,aas

112 484 359 569 ter-rogationis
384 484 436 552 rel
456 492 566 549 rectae
588 482 642 570 rel
670 481 823 571 obliquae
845 487 1015 575 complexi
1038 504 1133 559 sunt:

111 569 181 632 uod
207 592 250 634 an
267 593 338 637 non
361 570 501 635 omnino
528 580 616 635 recte
636 567 764 634 factum
785 570 844 648 stt,
876 577 1000 640 neseio.
1048 580 1135 645 Nam

111 653 273 739 abitatio‚
295 678 379 743 quae
403 657 513 721 animo
533 655 697 737 inhaeret,
720 676 789 718 non
813 662 945 743 semper
970 662 1005 726 in
1027 661 1136 730 inter-

111 741 298 826 ogationem
317 742 451 820 transit,
471 762 578 827 neque
592 740 679 805 illius
694 738 806 805 forma
820 741 927 807 uerbis
944 751 1136 834 exprimen-
1224 806 1234 823 .

112 825 188 890 aab
204 825 273 891 hac
293 827 468 915 desumpta
494 835 553 891 est.
594 826 735 912 Vtrique
763 825 891 890 scilieet·
908 826 1134 900 disiunctionis

111 910 173 975 atio
191 913 363 993 convenit,
386 932 486 1000 quam
505 911 707 1000 primitivam
723 911 759 974 in
779 910 940 977 vocabulo
964 926 1011 980 on
1030 943 1134 1005 agno-

112 1017 219 1062 camus
243 1020 376 1063 necesse
408 1008 468 1063 est.
529 997 640 1077 Quare
662 997 774 1084 primo
799 995 889 1060 bunc
917 998 1135 1072 dubitativum

110 1084 188 1147 u'um
210 1081 391 1172 particulae
416 1106 481 1165 an,
512 1083 569 1170 qui
595 1091 688 1148 extra
709 1082 1005 1170 interrogationem
1021 1085 1135 1157 locum

110 1166 206 1252 ubet,
228 1168 487 1234 consideremus.

171 1285 199 1354 I.
244 1293 275 1354 1.
305 1289 537 1377 Auponitur,
567 1284 624 1351 ubi
642 1283 848 1370 dubitamus,
877 1311 918 1353 ex
939 1289 1064 1358 duabus
1083 1295 1138 1361 uel

110 1369 240 1459 pluribus
264 1373 362 1440 rebus
384 1384 459 1439 utra
481 1375 524 1437 sit
547 1371 769 1451 nominanda,
799 1372 987 1460 indicatque
1011 1378 1137 1447 disiun-

110 1456 237 1525 ctionem
251 1459 286 1524 in
306 1459 456 1525 alterare
476 1457 709 1522 substituenda.
733 1457 841 1523 Altera
857 1461 952 1546 prior
970 1484 1048 1549 pars
1066 1466 1136 1531 dis-

110 1542 269 1610 iunctionis
282 1544 451 1633 praecedit
474 1565 551 1608 cum
570 1541 737 1631 particulis
759 1554 884 1619 utrum,
907 1544 1082 1631 utrumne,
1104 1563 1138 1617 et

111 1630 184 1715 quod
206 1651 270 1718 pro
296 1653 335 1695 eo
358 1630 477 1694 dicitur
500 1652 560 1708 ue,
590 1627 767 1694 ueletiam
789 1629 879 1693 nulla
903 1631 1137 1702 coniunctione
1201 1661 1206 1674 *

111 1712 247 1782 adhibita.
288 1715 337 1781 Ita
351 1710 524 1804 ponuntur
541 1715 653 1779 omnia
668 1712 765 1777 verba
781 1713 1012 1782 dubitationis:
1036 1719 1137 1786 drabi-
1199 1737 1202 1741 ’
1259 1790 1262 1799 ,

111 1790 151 1879 ta,
169 1800 308 1887 dubium
330 1812 400 1883 est,
426 1801 570 1888 ignoro,
602 1798 733 1868 nescio.
749 1797 821 1867 alia.
864 1801 931 1866 Nec
956 1803 1153 1891 quidquam
1183 1808 1184 1811 ’

111 1883 203 1952 inbac
225 1911 265 1954 re
285 1896 451 1968 mutatur,
474 1885 531 1949 ubi
558 1894 624 1949 tres
648 1884 700 1949 vel
715 1883 826 1971 plures
879 1908 914 1950 er
938 1911 986 1951 an
1010 1889 1138 1956 disiun-

111 1983 215 2054 guntur
237 1995 308 2039 rest
337 1972 428 2038 cuius
455 1969 607 2056 dictionis
632 1968 785 2057 exempla
804 1908 875 2034 vicl.³
889 1972 976 2058 apud
999 1972 1137 2060 senuas.

110 2055 141 2119 ad
159 2058 273 2125 Horat.
289 2057 394 2147 Epist.
420 2062 459 2139 1,
485 2062 544 2139 16,
564 2061 596 2122 8.
637 2053 723 2143 Illud
742 2065 854 2122 tamen
876 2059 1054 2125 tenendum
1079 2073 1137 2144 est,

109 2158 149 2221 tes
170 2167 238 2226 aaa,
264 2165 347 2231 quae
374 2165 435 2231 per
462 2166 509 2208 an
534 2150 722 2228 ponantur,
751 2140 983 2212 diversaslesse
1006 2144 1137 2230 debere,

109 2231 338 2304 ttconstituere
356 2250 478 2293 novam
497 2227 673 2292 sententiae
688 2234 837 2312 partcms
859 2226 902 2294 'id
925 2230 1016 2314 quod
1031 2254 1139 2319 nuper

109 2310 407 2468 ttiasm‘Wunderus
435 2312 627 2410 observarit·
644 2313 681 2381 iu
703 2311 781 2376 Var.
798 2312 886 2406 Leot.
910 2313 985 2382 cod.
1008 2316 1149 2407 Enna.

109 2413 126 2459 ’⁶
169 2407 200 2468 1·
625 2425 627 2429 ⁴

196 2521 250 2575 Cic.
267 2522 297 2574 in
313 2524 390 2576 Verr.
407 2507 443 2584 δ’,
462 2518 515 2586 89,
532 2520 593 2574 208.
611 2519 731 2590 desipite
750 2520 894 2588 dubitare,
922 2533 1013 2580 utrum
1030 2531 1069 2582 sit
1086 2531 1141 2605 uti·
1219 2528 1221 2533 '
1291 2500 1292 2507 ¹

162 2606 217 2664 lius
232 2618 349 2680 propter
366 2606 470 2661 multos
488 2604 631 2678 improbos
652 2607 701 2659 uni
719 2624 848 2676 parcere,
865 2627 902 2660 an
920 2608 1001 2663 nnius
1018 2612 1141 2685 improbi

159 2691 300 2764 supplicio
326 2691 476 2746 multorum
497 2688 706 2762 improbitatem
731 2708 860 2746 coercere.
894 2691 928 2744 de
950 2697 1023 2745 Orat.
1041 2697 1076 2758 2,
1097 2697 1140 2764 18,

157 2776 201 2831 56.
218 2778 260 2830 ita
276 2771 361 2849 porro
379 2775 470 2833 uerbis
487 2788 572 2845 aptus
588 2788 617 2832 et
635 2793 764 2848 pressus,
787 2785 820 2829 at
841 2778 964 2844 nescias,
990 2790 1082 2833 utrum
1097 2803 1142 2838 res
1182 2846 1184 2850 ¹

159 2850 306 2939 oratione,
325 2881 364 2915 an
380 2860 464 2916 uerba
482 2864 626 2917 sententiis
648 2860 829 2934 illustrentur.
862 2881 890 2932 p.
912 2863 1016 2925 Quinct.
1033 2864 1077 2931 30,
1097 2866 1141 2921 92.

160 2968 194 3002 ea
215 2943 260 3003 res
276 2949 347 3003 enim
365 2951 484 3002 nuncin
504 2946 659 3002 discrimine
682 2944 825 3008 uersatur,
851 2957 977 3002 utrumne
999 2955 1092 3020 possit
1111 2970 1141 3006 se

160 3045 257 3088 contra
277 3033 416 3087 luxuriam
442 3035 583 3087 rusticana
605 3029 658 3087 illa
676 3041 761 3104 atque
777 3029 883 3084 inculta
901 3035 1077 3101 parsimonia
1094 3035 1149 3090 det

154 3111 277 3191 fondere
284 3153 293 3186 ,
321 3138 359 3171 an
383 3111 545 3188 deformata
573 3126 657 3188 atque
674 3117 843 3194 ornamentis
861 3115 987 3172 omnibus
1003 3119 1139 3192 spoliata,

164 3204 244 3260 nuda
261 3202 413 3275 cupiditati
429 3202 658 3274 petulantiaeque
675 3192 832 3257 addicatur.
941 3191 943 3195 ’

194 3307 250 3364 Cic.
269 3307 302 3360 de
320 3307 372 3360 off.
390 3300 475 3372 1‚'8·,
496 3307 523 3361 9.
550 3303 728 3360 honestumne
739 3301 833 3374 factat
846 3307 901 3369 sit,
927 3325 964 3358 ara
983 3317 1071 3379 turpe,
1091 3307 1141 3360 du.

164 3391 266 3447 bitant.
299 3394 405 3472 Sallust3
423 3394 480 3444 Cat.
495 3388 546 3455 52,
564 3391 606 3443 10.1
623 3409 694 3443 nunc
707 3409 772 3446 vero
790 3407 847 3443 non
865 3389 896 3445 id
912 3395 1013 3462 agitur,
1027 3393 1142 3449 bonisne

159 3497 198 3531 arr
222 3470 307 3531 malis
331 3476 453 3533 moribus
479 3479 628 3530 uiuamus.-
655 3475 701 3527 ubi
717 3476 824 3528 (lortius
842 3495 876 3530 ne
893 3478 998 3531 abiecit.
1033 3482 1140 3530 sueton.

158 3566 224 3630 Aug.
252 3561 294 3618 19.
321 3566 449 3630 imposne
472 3563 571 3614 mentis
597 3579 636 3614 an
659 3559 792 3614 simulata
817 3559 972 3626 dementia,
999 3567 1141 3620 incertam.

160 3648 220 3699 Tib.
238 3647 279 3698 10.
304 3644 419 3702 dubium
444 3648 575 3701 uxorisne
603 3644 714 3708 taedio,
737 3673 770 3686 -
793 3665 832 3699 an
850 3656 882 3699 at
896 3672 931 3688 -
946 3650 1141 3704 auctoritatem

162 3729 292 3787 absentia
320 3720 449 3788 tueretur.
485 3730 575 3787 claud.
601 3728 644 3783 1⁵.
669 3729 748 3784 nullo
774 3728 900 3793 delectu,
927 3729 1047 3801 culpane
1070 3739 1139 3805 quis,

162 3804 202 3871 aa
218 3815 317 3888 aliqua
334 3821 499 3873 necessitate
522 3824 664 3872 cessasset.
700 3815 755 3867 cte.
773 3815 808 3866 ad
823 3816 895 3866 Fam.
911 3813 946 3881 2,
963 3813 989 3868 5.
1005 3835 1088 3872 unum
1106 3819 1142 3876 il.

163 3885 221 3955 tad'
234 3905 345 3967 nescio,
360 3900 520 3974 gratulerne
536 3897 607 3966 tibi,
623 3920 661 3954 an
678 3903 800 3955 timeant.
965 3908 967 3913 ’

206 4004 312 4056 Sallust.
338 4005 396 4059 (lat.
417 4002 470 4068 25,
495 4002 523 4059 8.
548 4007 683 4076 pecuniae
706 4024 744 4057 an
762 3998 866 4073 famas
894 4004 983 4057 minus
1005 3995 1140 4076 parceret,

161 4085 240 4143 ltauci
257 4084 354 4159 facile
380 4086 554 4144 discerneres.
588 4089 629 4142 ita
645 4089 715 4142 etaim
736 4086 902 4140 scribendum
919 4099 993 4154 crat,
1021 4108 1075 4143 uon
1094 4090 1141 4146 de·
1249 4136 1252 4143 ,

163 4193 294 4244 ammes,
325 4172 384 4229 niv.
398 4170 433 4240 4,
452 4171 497 4243 56,-
512 4174 539 4230 0.
562 4172 690 4253 consules
708 4170 790 4228 arrabo
809 4167 935 4244 profecti
959 4176 1016 4230 siat
1039 4176 1078 4230 ad
1100 4197 1144 4255 ar·
1190 4254 1194 4263 „
