2618 4770
207 294 271 360 484
340 368 346 375 .
585 286 750 370 ATQVE.
774 288 903 354 ΑΟ..
1039 374 1043 385 Ι

296 450 328 512 8.
359 441 579 508 Observatum
595 450 642 505 est
657 455 780 516 unove
800 439 884 528 poni
904 441 991 506 inter
1012 400 1102 508 duos
1125 443 1264 538 impera-

211 535 310 600 tivos.
355 529 454 593 Cuius
470 527 519 592 rei
535 549 681 590 caussam
699 525 852 612 equidem
866 547 936 590 non
953 549 1131 617 conspicio
1152 554 1185 594 in
1205 555 1265 618 ipsa

214 613 397 696 munte,
430 634 494 700 qua
522 623 719 697 utrumque,
752 610 842 696 quod
869 611 1021 695 iubetur,
1052 613 1291 695 efficiendum,

214 707 275 783 sit,
297 700 354 766 sed
370 713 426 764 aut
448 701 482 762 in
501 698 658 784 proxima
681 697 893 761 connexione
915 700 1061 784 aequali,
1086 723 1157 786 qua
1179 713 1267 764 utra.
1296 704 1299 783 g

215 812 280 877 quc
295 787 380 852 actio
398 787 433 847 ln
455 805 554 846 unam
572 783 659 861 coit,
683 791 740 846 aut
758 782 793 847 in
808 782 891 866 ista,
918 806 1019 872 quum
1037 789 1266 875 exposuimus,
1296 788 1299 813 ¹

213 871 472 959 consequutione
492 873 659 932 continua.

316 994 424 1044 Terent.
433 988 526 1040 Heeut.
543 989 570 1053 4,
584 986 610 1054 7,
625 987 652 1042 3.
673 1006 742 1060 cape
757 986 811 1042 boc
827 962 1027 1062 argentumn
1045 986 1143 1062 defer.
1161 991 1269 1060 Adelph.

279 1076 315 1142 4,
338 1073 373 1140 6,
389 1071 432 1125 66.
452 1071 500 1127 att
526 1073 640 1126 doniam
667 1093 700 1126 ac
723 1073 791 1128 deos
817 1093 1002 1147 comprecare.¹
1032 1076 1064 1140 2,
1088 1074 1125 1141 4,
1147 1075 1193 1128 16.
1216 1088 1270 1130 tace

280 1159 368 1217 modo
394 1176 428 1211 aa
455 1175 567 1229 sequere
592 1159 652 1213 hac.
686 1158 769 1212 Andr.
793 1158 827 1226 1,
851 1161 884 1226 5,
910 1160 953 1215 64.
976 1180 1103 1234 propera
1132 1173 1221 1233 atque
1240 1190 1270 1202 -

280 1242 390 1302 andin?
410 1270 446 1282 -
464 1241 576 1297 verbum
591 1263 675 1297 unum
689 1263 756 1299 cane
772 1243 807 1300 de
827 1248 945 1319 nuptiis.
988 1249 1030 1298 Ite
1052 1246 1269 1315 interpungende

278 1334 344 1386 haec
363 1337 431 1380 eunt.

325 1411 564 1482 Consequutionem
594 1411 693 1466 hebent
716 1416 826 1467 Terent.
850 1413 962 1483 Adelph.
989 1412 1023 1478 2,
1052 1412 1087 1480 1,
1117 1411 1163 1467 31.
1195 1413 1268 1467 mitte

279 1505 457 1579 {semetque
474 1497 586 1552 adrem
604 1499 673 1553 redi.
707 1500 790 1553 Andr.
814 1497 847 1567 6,
865 1499 899 1568 3,
914 1499 941 1553 2.
967 1517 1023 1554 rem
1047 1501 1153 1570 potins
1180 1500 1267 1572 ipsam

281 1587 341 1649 dte,
360 1604 393 1639 ac
410 1584 490 1637 mitte
507 1581 582 1637 male
605 1581 692 1655 loqui.
955 1583 956 1586 ’

294 1694 328 1754 9.
356 1686 469 1751 Redeo
496 1684 536 1749 ad
559 1686 740 1772 particulae
767 1687 833 1753 vim
860 1678 1103 1774 amplificandi,
1139 1686 1182 1752 de
1206 1708 1264 1773 qua

211 1798 314 1863 supra
327 1772 457 1860 loquuti
476 1792 602 1840 sumtis.
645 1773 797 1854 Etenim,
818 1782 857 1836 ut
877 1782 971 1837 antea
988 1770 1136 1836 vidimus
1151 1773 1188 1836 in
1204 1794 1262 1836 no·
1297 1810 1299 1821 ·

210 1861 358 1927 tionibus
375 1858 633 1942 coniungendis,
654 1859 700 1923 ita
715 1859 814 1922 etiam
834 1858 869 1921 in
894 1857 1061 1920 sententiis
1081 1878 1261 1923 conseren-

212 1945 386 2013 discretio
407 1965 467 2030 per
490 1959 612 2020 ATQVE
635 1942 805 2030 adscendit
828 1941 1043 2028 &gaulere
1068 1952 1103 2004 ct
1184 1943 1258 2022 iore,

209 2033 345 2117 reliquis
354 2029 613 2179 ,aequiparanda
634 2028 723 2092 Tum
744 2012 900 2116 e'ffc'pl‘icari
912 2037 1023 2116 potest
1036 2048 1100 2116 per
1096 2040 1255 2125 Q,

211 2131 311 2207 etque
329 2139 351 2181 o
379 2138 430 2181 eo.

314 2236 476 2287 Goerenzius
502 2235 582 2286 docet
605 2234 640 2284 ed
668 2234 753 2287 Cicer.
778 2236 860 2289 Aced.
878 2236 912 2300 2,
931 2231 1061 2299 40,126.
1085 2235 1155 2304 poni
1178 2251 1253 2295 erem
1297 2278 1299 2287 .

278 2339 327 2391 pro
346 2323 431 2374 immo
450 2322 556 2390 potins.
592 2321 679 2371 Verba
696 2330 757 2371 eunt
772 2313 853 2374 haec:
873 2323 973 2375 Fatum
990 2317 1064 2373 ettad
1081 2322 1189 2380 etiam,
1207 2332 1253 2387 que
1297 2310 1299 2343 ³

278 2407 375 2457 omnia
391 2404 528 2457 contineri
548 2402 658 2468 dicitis,
679 2414 834 2460 contemno.
870 2404 916 2458 Ne
939 2401 1127 2474 aedificatum
1153 2402 1254 2474 quiden

277 2487 350 2541 hune
366 2487 498 2540 mundum
517 2487 614 2540 divino
632 2489 751 2545 consilio
774 2493 924 2546 existimo:
944 2501 1028 2561 atque
1049 2487 1128 2541 haud
1149 2489 1205 2540 seio
1222 2504 1253 2538 en

279 2575 321 2627 ita
344 2576 391 2628 sit.
426 2575 503 2625 Haec'
519 2573 566 2624 ille
592 2573 720 2641 explicat:
746 2576 789 2627 vel
815 2579 903 2645 potius
925 2575 1030 2637 nescio,
1048 2591 1083 2624 en
1100 2575 1141 2623 ita
1158 2573 1208 2623 sit:
1226 2571 1253 2622 tle

200 2716 204 2727 Ι
276 2676 328 2728 qno
355 2658 522 2711 vehementer
546 2657 655 2721 dubito,
680 2659 728 2710 sed
749 2660 818 2711 hunc
844 2678 946 2711 sensum
972 2659 1111 2725 intelligo:
1143 2668 1171 2709 et
1197 2659 1253 2708 item

275 2744 347 2796 haud
364 2744 420 2795 scio
440 2762 474 2796 en
490 2743 528 2794 ita
547 2743 590 2793 sit.
622 2746 658 2794 At
675 2745 789 2795 certiore
812 2746 930 2813 exempla
946 2745 1012 2796 haec
1029 2761 1171 2812 apponam.
1206 2742 1254 2793 tic.

260 2827 382 2889 ‚Tuscul
402 2823 435 2891 6,
454 2827 503 2890 21,
524 2825 568 2879 62.
593 2828 705 2881 Satisne
724 2829 834 2882 videtur
851 2828 1008 2882 declarasse
1029 2828 1201 2898 Dionysias,
1218 2829 1254 2878 ni·

188 2943 191 2951 ‚
275 2911 321 2966 tit
335 2931 394 2967 esse
409 2916 436 2966 ei
453 2911 572 2975 beatum,
591 2915 635 2966 eui
653 2932 760 2984 semper
774 2914 877 2987 aliquis
896 2924 983 2966 terror
1001 2911 1189 2982 impendeat?
1208 2912 1253 2963 At·

278 3016 331 3068 qee
349 3002 375 3052 ei
392 3018 427 3051 ne
446 3002 583 3069 integrum
605 2996 714 3068 quidem
738 3010 816 3060 erat,
842 3011 875 3052 ut
900 2998 939 3052 ad
965 3000 1102 3052 iustitiam
1129 2996 1254 3067 remigra·

274 3093 334 3142 ret,
353 3082 460 3138 civibus
489 3082 645 3136 libertatem
662 3092 690 3135 et
706 3086 768 3137 iura
785 3083 920 3138 redderet.
953 3103 980 3152 p.
997 3084 1066 3134 Tull.
1084 3082 1112 3134 4.
1138 3102 1173 3135 aa
1191 3079 1254 3134 mihi

274 3169 364 3237 magis
382 3166 458 3222 illud
474 3165 658 3218 laborandum
674 3167 794 3221 videtur·
829 3171 907 3220 Cani·
926 3169 958 3220 de
976 3169 1027 3219 Off.
1047 3166 1082 3232 3,
1100 3167 1135 3232 5,
1154 3165 1197 3219 23.
1224 3165 1254 3216 de

273 3256 336 3308 Nat.
352 3253 378 3304 d.
396 3254 431 3319 2,
452 3253 485 3315 9,
501 3250 545 3306 25.
580 3251 708 3314 Quinctil.
728 3253 815 3303 Instit.
834 3253 867 3317 1,
886 3251 996 3320 10,16.
1015 3263 1157 3323 postquam
1176 3271 1253 3304 ener-

273 3347 398 3401 rnveret,
415 3326 539 3406 quantum
565 3338 719 3407 philosophi
736 3339 878 3390 tribuerint
906 3338 1018 3389 musicae
1044 3338 1113 3400 arti,
1133 3339 1187 3388 eit:
1206 3337 1254 3389 At·

273 3442 326 3494 que
346 3440 407 3476 earn
425 3434 527 3475 natura
546 3425 611 3491 ipsa
630 3422 740 3478 videtur
765 3422 804 3477 ad
824 3421 987 3478 tolerandos
999 3417 1126 3492 facilius
1146 3420 1253 3475 labores

274 3506 354 3561 velue
371 3509 476 3562 muneri
492 3506 573 3561 nobis
591 3508 710 3584 dedisse.

208 3602 212 3609 ’
281 3595 285 3601 ’
307 3612 361 3663 Cic.
381 3613 415 3664 ad
432 3615 504 3664 Fam.
522 3610 556 3675 6,
576 3612 608 3676 1,
629 3611 672 3664 11.
690 3615 777 3666 simus
796 3614 884 3683 igitur
903 3629 936 3664 ea
950 3619 1061 3674 mente,
1076 3629 1163 3680 quam
1181 3611 1252 3662 ratio

271 3703 299 3748 et
323 3699 428 3762 peritas
450 3694 632 3767 praescribit,
658 3707 689 3749 ut
715 3696 788 3752 nihil
814 3700 844 3751 in
870 3697 931 3749 vita
951 3693 1030 3747 nobis
1051 3694 1254 3765 praestandum

269 3789 380 3848 praeter
404 3781 517 3852 culpam
533 3791 678 3851 putemus,
700 3799 786 3854 eaque
806 3800 890 3855 qnnrn
915 3781 1071 3845 careamus,
1089 3782 1188 3832 omnia
1207 3778 1251 3831 ln·

269 3880 353 3915 mana
374 3865 488 3935 placate
506 3877 535 3920 et
551 3865 692 3920 moderate
712 3863 851 3935 feramus·
881 3867 973 3939 Atque
989 3865 1056 3920 liaeo
1075 3883 1107 3919 eo
1131 3869 1252 3936 pertinet

269 3950 380 4015 oratio,
401 3962 433 4005 nt
448 3940 568 4021 perditis
586 3951 666 4006 rebus
684 3951 828 4017 omnibus,
847 3963 940 4006 tamen
960 3955 1024 4023 ipsa
1040 3951 1132 4003 virtus
1149 3967 1180 4003 se
1197 3967 1253 4003 sus·

269 4040 377 4088 tentare
401 4054 485 4107 posse
509 4037 647 4091 videatur.
682 4038 701 4087 i,
719 4057 742 4088 e.
770 4047 848 4104 etque
875 4038 950 4090 adeo.
994 4037 1066 4087 Caes.
1092 4039 1122 4086 B.
1144 4037 1202 4090 Cir.
1228 4034 1253 4099 Ξ,

267 4116 312 4168 28.
328 4117 381 4172 hae
395 4119 494 4174 habita
503 4124 639 4187 oratione,
654 4119 762 4174 nullam
778 4124 808 4173 in
822 4132 931 4188 partem
941 4117 976 4172 ab
984 4125 1109 4175 exercitu
1123 4121 1253 4176 Curionis
