2618 4770
217 347 283 414 662
643 333 812 402 AVTRM.

288 494 403 552 ciconii
424 500 519 549 autem
537 507 629 563 aquae
646 487 760 545 ductum
776 491 890 562 regiona
915 486 1049 562 Tiburti.v
1073 490 1200 568 Ernestio
1216 491 1260 546 tu-

286 582 383 653 plicuit
401 588 504 634 autam.
544 579 580 628 At
603 587 775 645 opponuntur
790 577 871 633 verbs
889 573 1019 632 inchoare
1039 588 1070 632 et
1085 577 1240 635 absoluere.

322 687 381 740 (lior
393 683 427 735 de
445 677 635 763 Orat-01527,
650 677 713 734 12⁵.
737 682 785 752 qui
796 679 884 736 semel
905 681 934 734 ira
953 692 1038 753 gestu
1055 686 1197 751 peccavit,
1215 699 1260 734 non

289 762 421 824 continui
439 767 617 821 existimatur
633 765 737 819 nescire
752 776 881 836 gestumr
897 768 974 821 cuias
992 777 1090 822 autem
1107 766 1140 818 in
1159 765 1267 820 diceudo

287 853 398 926 aliquid
413 846 615 920 ,reprobaturum
637 859 696 912 est,
708 856 769 904 'aut
786 861 900 905 aeterua
924 855 954 906 ivr
972 869 1023 916 aa,
1053 861 1105 907 act
1123 861 1197 906 certa
1216 851 1262 905 alir-

287 950 371 992 tarra
390 935 468 990 valet
488 932 586 1003 opinio
603 933 758 991 tarditatis.
787 936 925 994 Sehtitnim
942 937 971 993 iu
987 936 1075 1006 priori
1094 936 1215 991 editione
1229 946 1262 990 tc·

233 1070 271 1113 ,1
287 1041 360 1078 mere
378 1022 457 1075 eiecit
473 1030 584 1082 aretam,
602 1019 632 1070 in
649 1020 764 1073 secunda
781 1021 906 1074 restituit.
1105 1028 1106 1035 ’

326 1129 392 1177 ltenr
408 1125 437 1174 in
452 1122 683 1190 interrogatione:
698 1124 755 1176 Cic.
770 1125 848 1178 Tuae.
864 1122 899 1190 4,
915 1124 949 1190 2,
965 1123 992 1177 5.
1009 1142 1096 1198 quam
1112 1121 1196 1181 breui
1209 1136 1263 1180 tere

290 1228 375 1281 pora,
411 1219 480 1280 quot
506 1218 536 1264 et
563 1210 664 1282 quanti
687 1217 808 1281 poetae,
841 1204 895 1284 qui
913 1221 1009 1264 autem
1035 1221 1170 1266 oratores
1193 1215 1263 1277 exsti?

289 1294 418 1355 terunt?-

305 1418 337 1480 8.
369 1413 437 1477 lam
452 1433 551 1492 vero,
573 1432 677 1497 quum
699 1411 826 1478 diversa
848 1418 882 1474 et
903 1407 947 1473 ob
971 1408 1148 1497 aequalem
1171 1412 1262 1476 ratio·

221 1520 300 1565 nem
324 1498 468 1586 aliquam
494 1497 652 1585 coniungi
679 1506 712 1562 et
734 1507 874 1586 propter
901 1495 1101 1559 contrariam
1130 1490 1262 1584 speciem

178 1614 182 1623 ·
222 1609 264 1652 ex
281 1585 416 1650 adverso
432 1583 516 1671 poni
530 1584 679 1670 possint,
700 1582 826 1683 duplex
840 1582 874 1645 in
890 1578 951 1646 hac
970 1603 1050 1646 voce
1063 1593 1203 1668 apparet
1212 1584 1262 1660 vis,

223 1679 363 1760 quarum
389 1669 489 1734 altera
509 1668 613 1817 maqis
638 1668 680 1733 ad
703 1668 973 1734 coniunctionem
993 1667 1153 1749 inclinat,
1175 1669 1264 1734 altera
1302 1706 1305 1733 r

223 1756 422 1822 adversativa
445 1777 514 1819 esse
529 1755 560 1819 vi

223 1843 265 1908 ad
287 1845 354 1917 καὶ,
378 1840 482 1905 modo
506 1836 643 1905 editici
667 1842 805 1929 propius
832 1839 974 1929 accedit:
997 1861 1203 1928 quamquam
1225 1841 1261 1917 id,

223 1928 313 2016 quod
339 1925 585 1992 antecedentem
615 1927 812 1991 sententiam
835 1925 1012 2014 restringat
1046 1936 1104 1989 aut
1135 1927 1260 2002 reliciat,

586 1764 669 1819 etur.
712 1753 762 1819 lta
785 1755 882 1821 etiam
906 1773 1062 1838 graecum
1084 1756 1139 1829 δέ,
1168 1755 1261 1819 modo
1302 1800 1305 1811 .

222 2037 290 2080 uon
306 2013 504 2101 exprimitur
521 2011 595 2099 ipso
613 2011 773 2084 vocabulo
789 2022 922 2092 autem,
943 2007 1000 2074 sed
1015 2010 1168 2097 reliquis,
1190 2034 1261 2099 quae
1303 2054 1305 2059 -

224 2099 408 2174 adduntur,
432 2098 536 2163 verbis
553 2108 609 2162 aut
623 2098 773 2162 universa
784 2091 945 2161 orationis
961 2095 1084 2161 forma.
1120 2096 1161 2161 ld
1177 2121 1261 2186 egre-

222 2188 274 2273 gie
299 2184 483 2250 observavit
507 2183 752 2270 Hoogcvecnius
779 2183 814 2248 in
838 2203 956 2268 gracco
979 2183 1029 2258 δέ,
1053 2183 1149 2269 quod
1170 2188 1261 2250 vicem

222 2270 374 2337 vocabuli
392 2265 465 2334 aaut
488 2269 619 2358 explere
643 2269 713 2333 aliis
729 2268 910 2334 videbatur.
932 2267 999 2333 vid.
1023 2267 1093 2332 eius
1115 2267 1259 2334 Doctrin.

108 2366 111 2371 '
248 2368 307 2421 art.
332 2379 350 2419 a
372 2352 528 2433 ¹Schiitzio
550 2355 585 2419 in
612 2355 783 2441 epitomen
810 2353 932 2418 redact.
957 2375 994 2440 p.
1020 2359 1096 2419 129.
1158 2358 1258 2436 Quare

222 2380 382 2507 iallvmtur
396 2441 437 2518 ii,
459 2440 516 2524 qui
531 2451 646 2504 autem
665 2463 729 2528 pro
755 2437 816 2506 secl
833 2441 982 2526 positum
1006 2460 1076 2504 esse
1097 2442 1213 2506 multis
1232 2444 1260 2507 iu

222 2525 305 2590 locis
321 2532 530 2589 notaverunt.
563 2524 671 2591 Multo
687 2518 793 2614 aptius
811 2523 958 2589 conferri
971 2534 1084 2624 potest
1105 2538 1159 2592 at.
1186 2527 1260 2592 Nam

222 2611 258 2676 in
273 2610 413 2699 simplici
427 2610 490 2674 ista
505 2608 711 2697 distinctione
721 2613 766 2679 vis
776 2607 996 2698 oppositionis
1011 2620 1148 2676 tantum
1165 2625 1261 2701 potest

222 2696 352 2783 augeri,
389 2704 427 2760 ut
451 2693 548 2760 aliam
573 2719 645 2762 rem
676 2709 847 2784 tamquam
879 2697 1078 2762 contrariam
1109 2709 1259 2788 opponat.

222 2781 337 2868 Neque
359 2803 437 2846 vero
464 2781 487 2845 ii
507 2783 611 2868 magis
632 2784 813 2881 prudenter
836 2800 909 2846 rem
930 2793 1048 2870 agunt,
1075 2785 1136 2868 qui
1159 2795 1212 2848 aut
1226 2783 1259 2848 de

224 2867 408 2954 copulativa
442 2876 603 2953 potestate
633 2871 735 2954 ipsius
763 2867 941 2957 particulae
968 2868 1178 2955 loquuntur,
1214 2879 1260 2935 aut

223 2948 491 3038 eamsignificarc
512 2950 613 3032 item,
643 2955 765 3033 etiam,
789 2965 974 3040 praeterea
999 2950 1150 3018 tradunt.
1194 2955 1258 3021 tid.

221 3037 413 3123 Wopkens.
429 3039 519 3100 Lect.
536 3037 626 3102 Tull.
642 3052 677 3125 p.
699 3045 748 3103 10.
768 3038 825 3125 (7.)
849 3038 930 3103 etin
949 3033 1076 3104 Miscel.
1092 3037 1258 3107 Observat.

213 3122 312 3193 ¹T.‘9.
330 3144 362 3208 p.
373 3125 425 3185 63.
441 3123 632 3210 Heusinger.
652 3123 692 3187 ad
701 3125 769 3189 Cic.
779 3123 845 3188 Off.
859 3130 888 3203 1,
911 3125 943 3204 4,
965 3129 997 3189 2.
1020 3124 1258 3193 SchelleriOb·

222 3217 336 3272 servat.
358 3229 392 3293 p.
412 3212 485 3272 193.
527 3211 635 3294 Atque
658 3218 694 3273 ut
710 3209 831 3274 similes
856 3230 909 3271 res
933 3204 1090 3295 e'bniungi
1116 3223 1258 3301 possunt,

223 3294 266 3359 ita
280 3293 387 3380 ipsam
410 3292 657 3359 similitudinem
678 3313 750 3359 non
770 3291 928 3382 significat
949 3295 1115 3381 particula
1132 3309 1259 3361 autem:

222 3378 279 3442 sed
295 3376 384 3464 quod
400 3399 461 3441 nos
477 3376 633 3444 Germani
655 3381 799 3466 cogitare
816 3378 962 3444 solemus
979 3379 1014 3443 in
1035 3378 1147 3445 verbis
1172 3393 1205 3446 et
1225 3405 1260 3444 ea

147 3487 150 3493 ’
223 3462 336 3527 altera
345 3467 656 3560 prememoratam,
674 3465 724 3530 vel
740 3466 822 3530 item
836 3487 876 3529 ex
892 3459 1005 3528 altera
1016 3476 1141 3552 porte,
1157 3467 1259 3531 Latini

221 3547 283 3611 sim
308 3547 421 3613 lictore
435 3548 563 3613 ratione
580 3551 773 3637 exprimunt
789 3570 849 3637 per
865 3557 990 3614 autem.
1032 3548 1260 3617 Iurisconsulti

221 3571 364 3696 mullum
378 3633 571 3699 laborarunt
587 3636 622 3699 in
639 3633 867 3722 distinguenda
881 3633 943 3699 hae
952 3633 1193 3721 significatione
1206 3637 1259 3705 ad-

223 3719 377 3783 versativa
400 3730 431 3784 et
453 3721 643 3808 copulativa
675 3721 736 3787 vid.
758 3720 920 3785 Barbosae
941 3720 1083 3785 Diction.
1106 3743 1174 3786 usu
1194 3722 1259 3788 frc-

222 3814 347 3954 qudent.d
352 3826 384 3889 p.
400 3805 475 3870 526.
516 3805 596 3873 Inde
610 3817 723 3872 tamen
738 3805 822 3872 nihil
837 3803 879 3868 ad
898 3807 1048 3872 nostram
1072 3805 1260 3875 doctrinam

219 3911 257 3954 re
282 3910 324 3953 un
350 3901 392 3954 at.

272 4003 273 4006 ’
317 4009 378 4074 Cic.
400 4011 433 4064 de
449 4011 537 4065 Divin.
554 4012 587 4078 2,
611 4010 662 4075 56,
685 4008 745 4062 115.
764 4018 830 4063 uam
852 4026 935 4079 quum
957 4026 1019 4066 sors
1043 4009 1099 4065 itta
1122 4007 1206 4069 edita
1222 4025 1262 4070 ert

286 4092 499 4165 opulentissimo
521 4101 582 4170 regi
604 4097 708 4162 Asiae,
738 4087 893 4177 craesus
911 4109 962 4165 eto.
982 4095 1107 4154 bostium
1127 4102 1189 4156 vias
1204 4119 1261 4159 scta

282 4197 475 4260 perversurum
492 4184 627 4258 putavit,
652 4183 787 4256 pervertit
811 4188 1015 4250 catemariam.
1061 4183 1129 4242 Nou
1158 4189 1262 4260 scripsit
