2648 4762
132 322 198 390 cce
535 320 804 405 0000000.

136 474 231 554 ficet,
256 473 348 575 quod
368 476 560 567 qreenclcm,
585 478 679 544 olim.
731 475 809 574 Quo
825 494 923 541 censu
946 479 1128 561 usurpatur
1147 473 1183 538 in

136 572 299 627 sententia
319 566 488 651 negativa,
513 565 549 628 in
571 586 635 651 qua
649 572 780 650 negano
798 582 875 624 cum
892 559 996 628 verbo
1014 558 1182 627 cohaeret

48 660 50 665 '
138 648 334 745 Opponitur
348 649 617 735 inpraesentia,
638 671 744 729 nuno,
763 645 888 711 adimo.
906 702 917 718 ,,

242 774 299 827 cic·
316 774 351 826 ad
366 777 439 834 Fam.
455 774 489 842 6,
507 776 540 844 6,
559 778 601 835 10.
622 781 727 832 ueritus
748 793 810 829 sum
828 773 922 831 deesse
940 773 1070 844 Pompeii
1084 775 1184 844 saluti,

206 879 289 930 quum
305 857 356 913 itte
373 860 523 930 aliqunto
541 837 597 915 tion
616 857 755 931 defuisset
772 879 856 916 meae.
891 860 925 912 de
942 860 993 912 off.
1011 861 1045 927 1,
1063 860 1109 928 39,
1126 862 1185 917 139.

206 946 267 1000 vide
284 945 374 1015 paullo
391 957 461 1002 ente.
494 950 523 1000 Ρ.
539 949 610 1001 Mela
626 947 660 1012 1,
676 946 709 1009 6,
727 946 753 1002 1.
785 947 831 1000 101
851 943 891 997 ed
912 962 1006 1008 mare,
1031 947 1184 1016 aliquando

167 1097 168 1100 Ἴ
208 1025 359 1103 ignobilis,
379 1051 466 1094 nunc,
484 1036 548 1101 quia
566 1031 650 1088 lubae
667 1035 745 1100 regia
756 1026 822 1101 suit
837 1057 873 1073 ·-
889 1031 1014 1084 illustris.
1036 1031 1185 1090 manns.

204 1111 285 1181 104,
307 1115 421 1182 12‚19.'
441 1116 623 1189 Zacynthus,
647 1115 797 1185 aliquando
821 1115 967 1186 appellata
989 1114 1087 1187 Hyrie.
1118 1118 1184 1172 Plin.

205 1202 257 1270 ap.
273 1200 307 1266 0,
326 1201 375 1268 10,
393 1202 418 1258 1.
451 1203 557 1276 00000
581 1206 636 1277 ng.
654 1199 704 1268 14,
723 1199 765 1253 17.
791 1210 843 1255 mc
859 1202 1001 1268 ,00000
1023 1205 1116 1258 asar
1135 1193 1185 1260 m·-

203 1290 288 1342 sererl
307 1295 419 1349 potest,
443 1289 491 1357 qni
506 1287 657 1357 aliquando
674 1283 756 1340 vobis
772 1282 863 1338 hostis
876 1280 964 1353 fuit?

243 1388 299 1445 cic.
321 1388 356 1442 do
378 1391 435 1444 Inr.
453 1390 489 1456 2,
511 1387 564 1458 58,
590 1386 650 1445 174.
676 1407 742 1447 nom
759 1407 813 1460 qua
830 1393 860 1444 in
877 1408 907 1442 re
921 1386 991 1459 fieri
1008 1393 1131 1461 poterit,
1154 1402 1187 1446 nt

205 1491 288 1550 quum
311 1475 496 1533 incolumitati
513 1477 735 1539 consuluerimus,
760 1471 835 1541 quod
849 1477 890 1543 sit
906 1474 944 1526 10
958 1478 1188 1544 pricesentia

208 1556 245 1613 cie
261 1556 408 1616 honestate
424 1560 592 1626 delibatum,
618 1563 723 1619 virtute
743 1555 892 1626 aliquando
911 1568 939 1614 et
955 1555 1093 1613 industria
1110 1579 1186 1615 recu·

205 1654 334 1715 peretur,
357 1648 557 1702 incolumitatis
579 1649 653 1702 ratio
677 1640 819 1723 uidebitur
834 1640 971 1698 habenda.
1006 1643 1063 1696 le.
1080 1643 1126 1710 25,
1143 1645 1187 1711 29,

205 1726 233 1782 8.
250 1748 300 1782 000
318 1734 460 1805 quisquam
478 1731 567 1790 eiicere
584 1739 681 1806 potest
697 1726 847 1796 aliquando
867 1723 949 1779 nobis
964 1727 1101 1782 libertatis
1120 1741 1188 1784 tem-

118 1854 124 1871 ,
207 1829 263 1885 pus
274 1809 388 1889 fuisse.
409 1815 484 1884 quod
507 1818 588 1886 pacis
612 1812 756 1868 uobiscum
782 1830 838 1865 non
856 1806 960 1880 suerit.
996 1813 1029 1866 N
1034 1834 1098 1868 unc
1114 1827 1189 1872 certe

206 1923 244 1939 -
262 1901 404 1971 extemplo
427 1902 553 1954 venimus
576 1886 616 1952 cci
642 1896 780 1951 tradenda
805 1914 892 1949 arma.
928 1895 982 1948 (110.
1005 1898 1038 1950 ‹le
1066 1902 1143 1955 Orat.
1162 1903 1189 1968 1,

208 1979 260 2047 58,
276 1982 338 2040 246.
359 1988 468 2055 tuipse
486 1984 608 2048 uideris,
626 1986 672 2052 qui
689 2001 751 2036 eam
768 1991 857 2034 artem
877 1976 998 2050 facilem
1022 2000 1082 2037 esse
1106 1983 1189 2054 dieis,

207 2083 291 2137 quam
308 2066 435 2123 concedis
453 2066 575 2121 acllruc
591 2078 679 2122 artem
700 2069 813 2121 omnino
830 2083 975 2130 nonme,
992 2065 1043 2118 sed
1057 2069 1189 2138 aliquan·

209 2148 264 2214 cio,
284 2155 309 2206 si
325 2156 386 2220 qais
403 2155 489 2207 aliam
502 2162 590 2207 artem
604 2151 747 2217 didicerit,
766 2163 799 2206 ut
813 2151 885 2207 hanc
896 2161 984 2207 artem
998 2145 1110 2225 efficere
1118 2172 1188 2234 pos.

208 2238 265 2300 tit,
284 2246 343 2290 turn
356 2257 415 2293 esse
428 2240 506 2295 illam
520 2250 607 2293 artem
617 2233 759 2310 futuram.

223 2351 266 2416 ΙΙ.
311 2360 341 2419 1.
382 2357 485 2436 Quod
506 2355 681 2442 aliquando
703 2353 743 2421 fit
769 2365 825 2419 aut
845 2361 972 2423 factum
995 2365 1062 2436 est,
1079 2379 1188 2444 quum

141 2439 345 2504 contrarium
360 2442 401 2508 sil
417 2444 464 2522 ei,
492 2444 583 2531 quod
598 2463 781 2526 numquam
797 2438 869 2523 fiat,
895 2439 1083 2527 aliquando
1101 2445 1188 2513 dici-

128 2530 196 2583 'lur
237 2548 276 2589 ro
284 2549 546 2613 nonnumquam,
556 2525 738 2590 interdum.
761 2525 830 2588 Nos
848 2525 1030 2606 1100000100,
1039 2532 1188 2595 manc'lc-

138 2546 235 2673 mali
267 2613 305 2676 C.
320 2612 446 2677 Fronto
463 2613 502 2676 de
518 2611 587 2675 diff.
600 2612 656 2676 lat.
671 2634 772 2676 serm.
787 2632 822 2697 p·
841 2614 933 2677 1335.
952 2610 1094 2678 Gothof.
1114 2616 1188 2681 cle·-

137 2695 276 2844 {lucam
296 2709 330 2767 ec
358 2706 630 2793 nonnumquam,
659 2696 749 2789 quod
772 2695 997 2766 intermittere
1019 2719 1089 2762 non
1109 2723 1187 2788 pm-

153 2788 235 2848 etur.
1204 2784 1210 2799 '

243 2904 298 2957 Cic.
315 2905 349 2959 ad
366 2908 439 2961 Fam.
455 2903 490 2971 5,
507 2905 540 2970 8,
559 2904 587 2959 3.
605 2905 655 2960 sed
671 2903 808 2974 quaedam
822 2913 915 2977 pestes
935 2902 1077 2960 bominum
1100 2905 1198 2962 lcucle·

205 2991 298 3043 011000
317 2990 469 3045 dolentium
488 3002 516 3044 et
530 3002 558 3048 te
573 3009 778 3060 nonnumquam
800 3009 819 3045 a
842 3010 884 3049 nte
902 2991 1077 3052 alienarunt,
1095 3000 1124 3044 01
1142 3010 1187 3046 me

206 3073 355 3141 aliquando
376 3076 557 3132 immutarunt
579 3075 640 3132 tibi.
677 3077 710 3130 de
731 3081 803 3129 orat.
828 3072 862 3138 3,
882 3073 932 3140 29,
954 3071 1013 3128 113.
1038 3077 1112 3128 sitne
1133 3077 1186 3132 ali·

206 3157 317 3229 quando
331 3165 441 3217 mentiri
459 3160 525 3219 boni
539 3160 616 3217 viri?
644 3160 676 3213 do
698 3159 749 3214 Off·
775 3157 808 3223 3,
832 3156 866 3224 3,
890 3157 932 3212 12·
957 3158 1057 3232 quodsi
1071 3164 1095 3214 is
1113 3171 1193 3215 esset.

207 3242 374 3309 Panaetius,
390 3250 436 3313 qui
452 3239 581 3303 virtatem
594 3255 743 3316 propterea
761 3241 905 3296 colendam
929 3241 1040 3309 diceret,
1061 3244 1186 3311 quocica

202 3317 330 3399 efficiens
349 3330 480 3386 utilitatis
495 3343 583 3386 essct.-
607 3357 642 3374 «-
666 3331 760 3384 liceret
779 3329 805 3385 ei
824 3325 926 3390 dicere,
953 3328 1105 3385 utilitatem
1132 3332 1186 3385 ali·

206 3411 401 3488 quandofeum
423 3415 567 3471 honestate
593 3434 728 3488 pugnare.
772 3410 899 3475 Quinctil.
924 3407 957 3474 5,
985 3411 1035 3477 13,
1060 3402 1105 3467 81.
1134 3417 1185 3470 ali·

203 3495 400 3571 quandovero
422 3498 537 3568 praebet
559 3505 618 3557 eius
639 3503 679 3554 rei
699 3502 870 3553 occasionem
893 3497 983 3549 minus
1005 3499 1197 3556 considerata,

203 3581 239 3634 ex
258 3580 376 3634 cclverso
400 3583 517 3639 dicentis
540 3587 639 3638 oratio.
673 3584 759 3651 Tacit.
780 3585 841 3648 Agr·
858 3579 900 3635 17.
919 3582 1008 3632 multa
1025 3584 1136 3652 proelia
1156 3593 1185 3637 et

203 3666 353 3735 aliquando
368 3686 425 3721 non
442 3679 561 3720 cruenta.
596 3672 703 3721 800100.
730 3671 795 3733 Aug.
821 3663 864 3716 43.
891 3674 919 3719 01
942 3665 1093 3733 aliquando
1112 3667 1186 3723 nihil

203 3763 313 3822 praeter
330 3755 507 3808 venationem
532 3751 632 3807 edidit.
657 3754 675 3807 i.
694 3770 718 3805 0.
745 3749 891 3805 interdum:
917 3765 967 3802 000
983 3750 1071 3821 placet
1087 3746 1184 3807 Wolfii

203 3839 354 3892 coniectura
370 3836 420 3892 sed
436 3835 596 3904 aliquando.

217 3961 249 4022 2.
277 3956 326 4024 ln
351 3957 401 4024 bis
420 3955 472 4022 vel
494 3954 618 4042 pluries
641 3955 790 4046 positum
813 3926 1182 4038 deprehenditur'apud

133 4037 312 4126 scriptores
328 4053 408 4129 post
424 4042 637 4120 Gieeronom,
660 4050 698 4101 ut
713 4036 872 4125 significet
887 4037 989 4103 modo
1009 4073 1053 4085 -
1066 4036 1183 4122 modo,

137 4133 169 4190 01
185 4145 349 4203 0010000.
365 4146 619 4220 nonnumquam
634 4125 749 4193 eadam
763 4123 893 4194 tutione
908 4122 1137 4214 componitur.
