2618 4770
128 299 191 361 170
352 315 355 326 ¹
531 238 770 358 ADMODVM.

125 447 224 511 etiam
246 442 463 510 Gembardus
488 445 627 509 sensisse
649 445 779 510 videtur
800 445 842 511 ad
868 446 1099 529 Cic.Lael.4,
1120 453 1163 512 16.

123 533 195 596 Nos
209 531 380 616 utriusque
394 530 522 615 generis
538 531 689 618 exempla
706 531 921 598 collocemus.
956 533 1099 598 Nomina
1114 556 1163 596 an-

123 628 212 694 tem,
252 638 336 702 quae
359 614 555 701 particulam
581 615 643 682 sibi
670 618 715 683 ita
739 617 927 683 adiunctam
949 617 1090 698 babent,
1116 631 1163 681 aut

44 768 48 774 ,
73 733 77 747 ι
125 702 340 787 quantitatem
357 700 513 793 aliquam,
527 711 582 765 aut
600 704 792 788 qualitatem
802 704 852 769 rei
860 703 997 768 alicuius
1004 705 1163 770 denotant.

227 823 281 873 Cic.
301 821 333 872 de
353 807 484 880 Annicl,
504 819 545 871 16.
572 820 641 875 mibi
656 840 722 876 vero
750 835 969 897 pergratum
990 826 1064 878 erite
1090 835 1163 896 atque

193 909 223 962 id
244 909 337 976 ipsum
365 924 448 978 quum
474 917 563 958 tecum
589 924 672 976 agere
699 925 829 972 conarer,
856 910 981 965 Fannius
1007 909 1163 961 antevertit:

193 989 369 1066 quamobrem
393 993 503 1062 utrique
527 1002 652 1044 nostrum
680 1002 793 1061 gratum
817 991 970 1049 admodum
989 989 1105 1063 feceris.
1139 994 1163 1045 in

191 1096 243 1148 quo
263 1078 324 1129 loco
348 1096 401 1129 non
420 1096 484 1146 opus
512 1088 553 1129 est
578 1095 635 1127 cum
664 1076 821 1127 Gernherdo
848 1078 1025 1147 intelligamus
1050 1079 1163 1128 maiorem

52 1198 57 1209 .
148 1193 150 1197 <
192 1163 301 1230 gradum
319 1163 537 1230 significationis,
560 1163 607 1215 sed
624 1171 735 1232 gratum
753 1161 918 1216 admodum¹
938 1165 1010 1215 idem
1034 1163 1161 1231 significat,

156 1264 159 1283 t
190 1250 261 1316 qnod
278 1260 439 1320 pergratum
457 1259 534 1301 antea
552 1248 683 1317 positum:
711 1248 763 1299 vim
788 1249 857 1300 enim
883 1232 1029 1300 sententiae
1056 1244 1163 1300 continet

146 1343 148 1346 ⁴
191 1334 344 1385 uocabulum
362 1337 479 1407 utrique.
518 1335 591 1385 Brut.
608 1329 659 1395 85,
677 1327 735 1385 294.
756 1334 830 1405 signi
844 1345 919 1387 icant
934 1323 1163 1406 enim‘quamdam

183 1417 314 1490 formam
336 1420 458 1492 ingenii,
492 1417 542 1470 sed
567 1416 719 1472 admodum
748 1416 909 1490 impolitam
933 1429 961 1472 et
983 1416 1098 1488 plane
1119 1435 1160 1468 ru·

193 1505 278 1559 dem.
323 1505 445 1558 Frontin.
467 1503 701 1571 Strateg.1,10,
728 1503 752 1554 1.
772 1501 848 1568 etl,
875 1503 911 1567 7,
939 1503 965 1554 6.
993 1501 1119 1556 adductis
1133 1505 1160 1555 in

130 1661 132 1665 Υ
191 1601 368 1662 conspectum
385 1587 492 1642 duobus
515 1592 610 1661 equis,
635 1604 729 1640 earum
748 1580 981 1657 praevalido
1004 1587 1102 1650 alteri,
1123 1585 1159 1640 al·

191 1680 244 1732 teri
260 1675 414 1729 admodum
432 1671 509 1727 exili·
538 1674 569 1723 ln
589 1673 631 1724 hia
650 1673 784 1742 oppositio
803 1673 942 1734 verborum
957 1691 1014 1724 rem
1031 1674 1142 1738 declarat.

224 1779 277 1832 Cic.
297 1780 329 1831 de
347 1779 406 1831 Fin.
425 1774 510 1843 5,5‚
530 1775 570 1828 12.
589 1779 617 1830 in
636 1793 690 1845 quo
719 1775 838 1829 multum
865 1777 1018 1830 admodum
1030 1773 1158 1848 fortunae

189 1863 284 1918 datur.
301 1864 348 1915 sed
367 1872 467 1916 mutata
483 1861 547 1912 sede
566 1861 598 1911 de
614 1863 677 1914 Nat.
696 1860 773 1923 (1.2,
790 1858 841 1924 55,
867 1859 925 1914 137.
943 1882 961 1913 a
981 1862 1064 1916 corde
1079 1872 1158 1915 autem

189 1954 219 2004 in
235 1960 327 2001 totum
348 1964 448 2018 corpus
471 1942 648 1999 distribuitur
673 1966 723 2017 per
748 1963 833 1999 venas
851 1945 1005 2000 admodum
1022 1946 1159 1999 multasin

55 2079 57 2081 .
96 2086 98 2091 ,
190 2051 285 2086 omnes
302 2043 398 2101 partes
416 2033 543 2101 corporis
560 2034 741 2101 pertinentes.
759 2032 811 2092 et.
831 2032 936 2084 Cornel.
957 2033 990 2084 de
1007 2035 1074 2100 Reg.
1093 2029 1157 2095 1,1.

183 2119 312 2182 Quinctil.
341 2116 391 2178 12,
418 2117 468 2180 11,
496 2115 538 2168 12.
556 2120 731 2185 nequeenim
748 2127 798 2168 aut
811 2127 869 2169 tam
888 2104 1025 2188 peiplera
1042 2129 1091 2172 aut
1109 2127 1160 2168 tum

189 2222 334 2257 numeroso
350 2212 431 2264 sunt,
456 2219 526 2273 quae
545 2211 688 2276 premunt,
716 2212 748 2259 ut
769 2221 824 2254 non
839 2221 993 2273 paucorum
1019 2200 1160 2256 admodum

189 2309 325 2343 annorum
343 2285 668 2353 intentionediscantur,
703 2288 761 2344 Liv.
780 2288 829 2350 10,
850 2285 903 2352 41,
920 2279 1118 2361 &penetrare
1132 2286 1161 2337 irs

189 2377 323 2439 interiora
343 2371 434 2434 urbis,
460 2374 527 2443 quia
553 2375 638 2440 pauci
665 2371 817 2424 admodum
840 2385 939 2436 erant,
969 2393 1027 2427 non
1055 2373 1158 2427 audent·

189 2461 234 2512 sed
253 2462 307 2512 Cic.
325 2460 358 2510 de
375 2460 438 2511 Nat.
459 2457 485 2508 d.
505 2455 539 2521 3,
555 2455 606 2520 27,
624 2455 667 2509 69.
685 2454 818 2529 qnoniam
836 2454 977 2527 pestifera
1001 2463 1039 2513 sit
1064 2456 1159 2534 multis,

189 2530 341 2598 admodum
366 2532 465 2613 paucis
489 2541 636 2599 salutaris:
668 2543 754 2595 Tacit.
779 2546 844 2594 Anu.
873 2540 924 2607 13,
948 2541 992 2596 39.
1018 2545 1106 2597 Germ.
1122 2539 1155 2593 18.

189 2632 311 2701 exceptis
328 2628 482 2683 admodum
499 2628 605 2699 paucis.
904 2643 906 2647 ’

223 2734 277 2786 Cic.
294 2734 323 2783 in
339 2735 416 2785 Verr.
434 2729 467 2796 4,
485 2728 536 2795 34,
553 2730 598 2785 74.
620 2740 681 2783 erut
700 2730 851 2786 admodum
876 2732 1004 2803 amplum
1028 2741 1057 2784 et
1082 2727 1158 2784 excel·

189 2839 248 2874 sum
271 2823 381 2890 signum
398 2834 460 2869 cum
475 2813 571 2869 stola.
606 2817 717 2886 Philipp.
736 2818 769 2881 5,
791 2818 841 2881 17,
861 2815 904 2870 47.
929 2823 1027 2888 itaque
1051 2820 1159 2870 maiores

188 2908 294 2975 nostri,
310 2913 415 2956 veteres
432 2899 496 2967 itti,
514 2901 667 2955 admodum
680 2905 803 2974 antiqui,
824 2902 898 2974 leges
916 2901 1034 2955 annades
1052 2921 1108 2954 non
1121 2900 1161 2952 ba·

190 2990 298 3043 bebunt.
313 2988 363 3038 nbi
382 2989 499 3038 Faernus
518 2997 545 3037 et
564 2976 705 3039 Lambinus
722 2991 801 3041 verba
822 2987 973 3040 admodum
991 2990 1102 3057 antiqui
1118 2987 1160 3036 de-

188 3076 266 3127 lenda
289 3092 346 3124 esse
364 3083 538 3135 censuerunt,
563 3074 705 3140 prudenter
730 3085 816 3126 autem
833 3074 955 3125 defendit
975 3072 1118 3122 Graevius:
1139 3081 1163 3120 at

188 3173 257 3214 stare
277 3178 309 3212 eu
325 3176 379 3209 non
393 3168 518 3226 possunt,
538 3158 590 3208 nisi
608 3159 786 3226 interpunctio
804 3159 870 3210 haec
886 3160 1054 3210 restituatur:
1083 3159 1163 3210 maio·

185 3265 230 3300 rer
244 3246 347 3306 nostri,
367 3253 474 3296 veteres
493 3240 540 3296 itti
560 3232 713 3296 admodum
730 3246 855 3314 antiqui,
883 3243 958 3314 leges
977 3254 1028 3294 etc.
1064 3245 1163 3294 Caesar.

184 3336 213 3386 B.
234 3332 304 3382 Gall.
320 3328 354 3394 6,
373 3327 413 3379 16.
432 3329 509 3380 natio
531 3339 573 3380 est
594 3329 683 3381 curnis
714 3326 865 3381 Gallorum
893 3328 1045 3381 adurodum
1071 3327 1163 3380 dedita

186 3411 377 3485 religionibus.
401 3412 437 3477 5,
455 3413 480 3464 8.
505 3432 560 3485 qua
585 3416 613 3467 in
635 3434 664 3466 re
688 3413 841 3466 admodum
859 3410 923 3483 fuit
940 3413 1060 3467 militum
1078 3416 1163 3466 virtus

188 3498 342 3553 laudanda.
384 3501 456 3549 Haec
482 3500 552 3550 enim
577 3499 605 3549 in
628 3499 734 3550 modum
757 3499 945 3551 adiectivorum
971 3510 1163 3550 construuntur.

187 3592 294 3638 Saeton.
319 3585 391 3635 Caes.
411 3584 435 3636 1.
448 3579 571 3652 familia
586 3587 720 3654 equestri,
749 3584 799 3637 sed
815 3583 966 3637 admodum
984 3583 1071 3636 dives.
1094 3582 1163 3638 att.

185 3676 213 3724 iu
225 3666 354 3739 epistola,
372 3664 453 3738 quam
462 3665 570 3722 brevem
577 3668 729 3720 admodum
736 3689 770 3721 ac
777 3668 931 3738 simplicem
941 3668 989 3720 ad.
1001 3669 1163 3736 Pompeium

186 3755 455 3811 Marcum-misit.
478 3755 549 3805 Cart.
570 3751 604 3818 3,
626 3752 659 3816 6,
680 3753 704 3807 1.
721 3757 862 3806 eratinter
881 3752 989 3808 nobiles
1008 3755 1133 3808 medicos
1153 3774 1163 3807 c

188 3839 364 3896 Macedonia
398 3857 490 3909 regem
519 3837 825 3915 sequutrrsbeilr'ppus
848 3867 882 3878 -
909 3839 985 3906 fidus
1014 3839 1163 3891 admodum

185 3931 251 3998 regi.
285 3927 354 3994 quod
380 3926 511 3977 Meinerns
535 3926 602 3976 male
622 3926 824 3993 interpretatur:
853 3935 883 3974 ut
903 3926 934 3976 ab
958 3943 989 3976 eo
1017 3925 1163 3994 exspectari

141 4052 144 4060 .
186 4023 231 4064 arnt
246 4013 373 4080 postulari
391 4022 505 4080 poterat.

218 4097 402 4153 Recentiorem
425 4098 541 4149 colorem
566 4096 630 4148 haec
654 4095 766 4146 habent:
791 4097 917 4166 Pompon.
944 4096 1007 4149 Mel.
1034 4095 1068 4160 2,
1089 4094 1127 4163 7,
1141 4095 1163 4149 8.
