2618 4770
195 320 235 391 ‘2
388 354 392 361 =
586 322 631 402 A,
675 319 749 404 AB,
791 320 883 387 ABS.

284 480 476 554 quissimcrum
503 471 631 548 quidem,
663 476 714 530 sed
738 485 831 530 samen
858 484 982 530 ueterum
1009 465 1121 558 molliat
1143 483 1291 533 tentave-

279 571 354 626 rint,
384 580 441 614 non
467 559 559 612 sotum
594 579 730 614 aversa
760 579 813 631 pro
841 557 1021 613 abversis
1046 561 1178 625 dicendo,
1215 556 1290 618 secl

281 661 310 703 et
335 652 364 702 in
390 648 603 716 praepositione
626 646 651 699 B
673 645 784 700 litterae
813 642 949 697 absonam
963 655 1000 706 tet
1023 649 1117 715 ipsam
1141 646 1281 702 Ssubit-

281 732 388 788 ciendo.
424 732 455 778 tu
479 748 530 796 quo
553 731 614 781 loco
643 731 736 781 mirum
761 741 837 797 quatu
859 730 948 781 multis
969 749 998 781 se
1016 725 1067 798 ipsi
1083 733 1274 799 implicuerunt

281 815 480 869 diiiicultatibus
502 816 671 882 interpretes.
705 813 759 865 Res
780 823 820 863 est
837 818 984 885 perspicua.
1016 813 1060 870 Ab
1074 818 1152 879 enim,
1169 816 1264 885 primi·

280 905 361 953 tivum
385 902 512 962 formam,
547 900 600 949 iam
625 910 727 950 veteres
756 899 861 951 mollire
883 911 1018 952 tentarunt
1040 901 1142 952 abiecta
1166 902 1257 965 littera,

281 988 399 1053 adeoque
424 977 618 1052 praepositioni
651 984 760 1034 seorsim
774 986 928 1059 ‚ponendae
950 996 1026 1037 extra
1049 987 1258 1055 compositionem

279 1071 437 1122 addiderunt
464 1072 481 1117 S
511 1069 626 1119 litteram
649 1071 789 1134 absonam,
815 1087 882 1138 quae
908 1089 1001 1139 parum
1022 1070 1135 1122 iuvabat.
1171 1073 1256 1122 Cicero

281 1151 569 1216 Orat.47,158.una
593 1158 766 1228 praepositio
784 1153 924 1218 essuos,
941 1160 1259 1228 quaenunctantumrn

281 1226 389 1311 accepti
409 1236 516 1291 tabulis
534 1247 642 1298 trutinet,
671 1249 699 1290 et
715 1258 749 1290 ne
767 1237 810 1291 iris
847 1237 939 1293 uidem
954 1245 1094 1294 omniumr
1114 1244 1143 1294 in
1155 1241 1257 1313 reliquo

225 1350 228 1355 ’
279 1331 518 1381 usumutataest.
543 1323 839 1376 Namamouitalc
826 1322 1257 1396 cimus,etairegit‚etairs·
1291 1314 1295 1325 ¹

280 1408 393 1466 tulit,
425 1417 457 1457 ut
481 1411 539 1459 iam
562 1412 685 1470 nescias,
712 1406 754 1463 ab
775 1384 990 1497 npuerumsit,
1018 1402 1146 1465 anabs.
1187 1409 1258 1486 Quid

217 1524 221 1531 ·
280 1500 304 1547 si
328 1497 414 1546 etiam
439 1490 598 1563 abfugit
626 1503 707 1564 turpe
726 1498 817 1560 uisupt
834 1504 893 1554 est,
921 1503 948 1545 et
969 1491 1083 1562 abfer
1105 1494 1256 1554 noluerunt,

280 1574 353 1646 aus
356 1597 392 1630 er
417 1575 597 1630 ntaluerunt?
627 1597 697 1650 quae
717 1583 894 1663 praepositio
911 1588 1022 1648 praeter
1040 1578 1108 1633 haee
1131 1580 1186 1632 duo
1205 1600 1256 1634 uer·

278 1660 333 1723 ba,
360 1659 441 1713 nulla
466 1662 554 1717 aiio'
545 1684 573 1716 in
588 1661 672 1715 uerbo
688 1667 831 1731 reperitur.
847 1664 906 1714 Xlta
914 1664 1062 1729 legendum
1079 1665 1192 1730 videtur,
1214 1684 1257 1717 neo

278 1747 425 1799 necessaria
449 1757 525 1810 sunt,
557 1764 623 1813 quae
641 1764 656 1796 a
671 1747 798 1796 Schiitaio
813 1748 959 1797 adduntur:
988 1769 1007 1801 a
1022 1769 1056 1801 ne
1067 1768 1163 1802 uerum
1175 1755 1212 1804 sit
1223 1769 1259 1802 an

278 1831 321 1885 ab
340 1859 373 1871 -
392 1827 510 1900 aufugit
528 1839 556 1882 et
574 1827 659 1896 auser
677 1829 842 1885 maluerunt.
878 1834 934 1883 Nos
957 1833 1108 1900 scripsimus
1126 1848 1154 1895 et
1171 1856 1203 1890 nr
1215 1834 1257 1886 iris

276 1916 402 1989 quidem,
430 1915 522 1980 copula
546 1923 575 1964 et
591 1915 705 1964 adiecta.
735 1915 828 1964 Cicero
851 1927 938 1967 autem
959 1919 1142 1971 demonstrare
1165 1921 1256 1980 voluit,

276 1999 328 2054 abs
349 1996 409 2048 non'
426 1998 504 2048 modo
528 2000 556 2046 in
574 2000 767 2067 compositione
784 2001 870 2049 locum
884 2001 995 2066 habere,
1023 2005 1070 2054 sed
1085 2024 1114 2056 rc
1129 2020 1191 2057 vera
1205 2020 1259 2057 esse

274 2084 516 2153 praepositionem:
540 2101 600 2133 nam
621 2093 704 2136 renam
721 2084 790 2134 dixit
808 2103 857 2152 pro
873 2103 944 2151 vera,
962 2089 1047 2156 qualis
1069 2107 1125 2140 esse
1143 2091 1256 2141 deberet·

274 2175 363 2232 Quare
389 2180 459 2219 errat
486 2170 654 2235 Schellerus,
689 2187 767 2237 quum
789 2168 909 2221 defendit
931 2168 1063 2240 antiquam
1087 2176 1244 2242 scripturam

273 2275 330 2307 una
344 2257 517 2324 praepositio
534 2265 577 2307 est
593 2252 646 2306 ab.
671 2279 706 2293 ·—
741 2253 932 2316 Quinctiliauus
955 2252 980 2321 1,
995 2255 1021 2323 6,
1035 2252 1076 2311 69.
1092 2255 1259 2331 frequenter·

273 2351 368 2395 autem
388 2336 617 2410 praepositiones
642 2355 749 2410 quoque
773 2337 919 2409 copulatio
939 2343 994 2393 ista
1012 2348 1179 2414 corrumpite
1193 2343 1259 2397 inte

275 2425 459 2485 abstulit,
487 2419 665 2500 auffugit,
692 2428 942 2495 armisit‚fquum
961 2431 1138 2498 praepositio
1158 2427 1256 2482 sitalr

272 2512 348 2565 sola.
382 2513 413 2560 In
429 2510 522 2576 quibus
538 2526 610 2573 non,
638 2518 668 2558 ut
684 2508 730 2558 alii
746 2518 855 2576 putant,
874 2510 907 2560 ad
924 2511 1058 2563 Ciceronis
1072 2516 1152 2565 verba
1168 2516 1255 2583 tespi⁶

274 2599 312 2648 cit
335 2595 547 2658 Quinctilium,
577 2594 624 2644 sed
647 2595 806 2661 primitivam
831 2595 898 2646 dicit
917 2598 1121 2665 praepositionis
1145 2600 1256 2649 formam

213 2697 216 2700 ’
272 2701 329 2733 esse
351 2681 434 2730 solam
454 2677 500 2733 ad.
525 2701 561 2720 -·
594 2679 684 2731 Velius
697 2681 803 2745 Longus
826 2680 858 2730 de
880 2681 1059 2750 Orthograph.
1081 2701 1108 2751 p.
1122 2679 1200 2736 2224.
1214 2688 1254 2735 in·
1296 2714 1299 2721 ·

231 2786 234 2793 ·
269 2769 404 2835 aipiemus
425 2761 552 2826 attilia,
588 2782 671 2835 quam
697 2761 790 2828 Cicero
811 2767 841 2816 in
867 2763 987 2820 Oratore
1000 2765 1160 2838 annotarit.
1199 2767 1254 2821 Vas

272 2855 317 2904 riu
342 2852 414 2901 enim
431 2848 601 2903 consuetudo
626 2851 656 2903 in
673 2866 761 2918 aequo
778 2859 820 2900 est
838 2845 882 2900 alr
897 2861 926 2904 et
941 2872 959 2903 a
975 2863 1002 2904 et
1019 2851 1084 2904 abs
1102 2864 1202 2914 etau,
1223 2854 1280 2904 ut'

272 2951 357 3007 qaum
381 2933 496 2988 dicimus
521 2953 620 2997 ame,
648 2932 747 2986 deinde
764 2929 807 2984 ab
827 2931 917 2996 itta,
947 2936 1047 2990 deinde
1070 2936 1251 2998 abstulit,

269 3017 370 3072 deinde
388 3016 538 3088 auferte
565 3019 640 3091 quod
652 3038 719 3071 sune
733 3027 844 3069 tantum
861 3020 888 3070 in
905 3016 1013 3073 duobus
1029 3016 1120 3074 uerbis
1137 3040 1253 3093 usurpa

243 3114 244 3117 ’
270 3116 328 3157 tum
353 3113 410 3165 est,
440 3099 578 3183 aufert
597 3115 624 3156 et
644 3076 814 3173 aufugit.
847 3087 956 3158 Adiicit
976 3103 1258 3202 itispraepositioni·¹
1288 3108 1291 3119 ‘

267 3185 472 3248 terrestium,
499 3206 569 3259 quae
583 3185 709 3242 scribitur
723 3207 774 3258 per
789 3204 827 3239 ss
852 3186 984 3248 litteram,
1004 3189 1054 3252 [ita
1072 3190 1141 3240 enim
1156 3192 1251 3258 legen-⁴

267 3275 347 3335 dum,
375 3289 429 3323 nou
451 3291 502 3342 per
524 3290 544 3324 n
568 3272 719 3338 litteram]‚
757 3291 841 3346 quam
861 3269 897 3324 ab
912 3275 1050 3345 antiquis
1051 3276 1184 3328 usitatam
1199 3280 1249 3340 ait,

264 3360 388 3412 maxime
408 3360 439 3410 in
461 3355 620 3410 rationibus
646 3369 675 3410 et
699 3360 728 3411 in
745 3359 853 3428 accepti
875 3355 989 3410 tabulis.
1026 3357 1102 3410 Nam
1121 3363 1252 3431 quotiens

264 3455 408 3514 acceptam
427 3445 574 3513 pecuniam
591 3436 764 3509 referebant,
791 3460 848 3494 non
871 3438 1031 3494 dicebanta
1045 3443 1166 3510 Longo,
1198 3438 1250 3498 sesi

264 3527 317 3582 abs
332 3529 455 3599 Longo¹
484 3527 533 3593 (ita
548 3525 627 3576 etiam
639 3527 666 3576 h.
681 3528 700 3578 1.
727 3527 892 3578 scribendum
904 3520 970 3593 erit)
987 3536 1016 3579 et
1029 3520 1073 3580 ait
1084 3518 1250 3596 religionem

265 3613 337 3667 hanc
366 3610 504 3667 scribendi
574 3609 612 3661 ud
642 3613 828 3681 paucissimos
858 3614 1022 3665 remansisse
1045 3609 1155 3663 saeculo
1185 3629 1245 3665 suo.
1286 3620 1293 3631 ¹

265 3699 406 3772 Antiquos
419 3701 518 3750 scimus
532 3706 559 3748 et
577 3693 645 3746 abs
663 3707 695 3747 te
713 3695 837 3750 dixisse:
861 3715 913 3749 nos
927 3699 1052 3749 contenti
1066 3715 1161 3750 sumus
1178 3715 1197 3748 a
1213 3685 1252 3765 te¹

262 3785 361 3838 dicere.
399 3784 506 3836 Scimus
530 3781 609 3849 ipsos
627 3778 716 3832 atair
738 3781 834 3835 Luci
844 3779 917 3834 llio
939 3780 1063 3834 dixisse:
1081 3799 1132 3834 nos
1153 3778 1246 3834 obser⁶
1283 3850 1286 3855 Ι

262 3888 374 3931 uanius,
400 3877 431 3919 ut
453 3874 643 3936 praeponatur
665 3861 710 3916 iris
732 3863 906 3931 nominibus,
936 3885 1007 3936 quae
1028 3885 1047 3917 a
1063 3865 1158 3918 vocali
1177 3868 1246 3920 inci·
1276 3858 1283 3873 ¹

262 3958 362 4026 piant,
392 3962 423 4003 ut
447 3971 529 4024 quum
550 3949 668 4003 dicimus
683 3947 728 4000 ab
754 3951 933 4023 Olympo.
968 3949 1132 4007 Absumitur
1150 3962 1245 4002 autem

261 4038 329 4092 haec
347 4053 366 4088 Β
384 4033 488 4100 littera,
512 4039 640 4108 quotiens
656 4037 770 4088 nomina
787 4055 805 4086 a
823 4039 989 4089 consonanti
1005 4039 1185 4106 incipiuntur,
1210 4048 1244 4090 ut

259 4144 281 4179 a
297 4119 471 4189 Romulo.¹
505 4123 537 4179 Si
560 4124 624 4196 quis
643 4124 738 4198 itaque
751 4123 917 4196 quaesierit,
942 4141 1026 4196 quare
1042 4142 1099 4179 non
1121 4123 1165 4178 ab
1186 4127 1239 4179 lu·
