2618 4770
124 282 188 351 884
585 281 717 347 ANTE.
796 373 800 384 .

192 437 309 499 messis.
333 437 363 490 in
390 432 487 489 embra
513 433 582 489 vine
597 461 633 478 -
644 431 780 506 fundam.
816 438 889 491 cntt.
915 436 950 502 8,
967 418 1005 504 8,
1023 437 1065 491 10.
1080 443 1149 510 prote

193 525 246 575 ctis
267 518 388 575 amiculo
413 530 441 573 ct
467 518 568 574 litteris
585 531 652 576 ants
675 520 785 576 lectum.
820 523 876 575 cic.
900 523 931 576 in
949 525 1028 583 Voss.
1043 521 1076 589 4,
1091 522 1148 592 3,5.

191 609 260 662 item
278 590 344 660 anti
359 603 441 658 hosce
458 602 528 658 daos
543 617 629 661 ,erant
649 605 758 664 arulae.

206 714 238 773 8.
268 708 431 773 Omnibus
448 718 547 773 uotue
564 717 641 771 suut
656 705 822 772 focmulce
834 718 923 778 cute
938 708 1069 790 occulos,
1088 724 1147 778 cute

117 791 237 882 pedes.
280 793 372 858 Ante
387 793 501 856 ocules
520 791 640 859 dicitur
654 814 726 879 nqn
739 793 852 857 solutu
875 794 917 858 de
934 798 1110 880 praesentis
1126 809 1149 862 et

123 878 164 944 de
184 880 234 957 iis,
276 901 336 944 uac
350 879 385 942 in
402 888 618 968 conspectum
637 879 784 958 veniunt,
806 879 907 946 sicuti
922 881 960 944 ic
975 880 1089 956 oculis,
1100 884 1145 947 ,sed

122 902 279 1028 etiamad
297 965 446 1029 animum
460 962 621 1043 celatum,
637 963 677 1028 da
691 963 790 1029 rebus
814 966 1018 1051 experientia
1041 977 1075 1030 et
1094 988 1145 1031 cer·

120 1051 248 1115 tissima
265 1051 453 1201 copnitione
470 1049 712 1138 percipiendis,
736 1048 825 1118 etde
841 1050 1041 1142 imaginibus
1057 1052 1143 1118 nnius

31 1211 33 1216 ,
123 1135 308 1203 obversanti
333 1158 383 1235 us⁸¹
471 1172 473 1177 =
1124 1172 1127 1179 ·

226 1257 280 1309 cto.
296 1275 322 1326 p.
341 1259 420 1310 liesc.
437 1257 494 1308 Am.
508 1253 542 1317 5,
563 1252 604 1306 13.
625 1272 660 1307 ns
676 1252 721 1306 tto
739 1250 844 1316 ididem
860 1267 928 1311 aute
951 1257 1143 1314 ooalescens

118 1324 121 1335 Ι
190 1340 350 1394 trucidetur.
384 1343 470 1393 Plaut.
493 1337 562 1393 Rud.
579 1340 613 1403 4,
631 1334 666 1403 4,
685 1337 710 1401 3.
732 1357 806 1410 quac
821 1359 865 1394 me
880 1341 999 1412 pellicos
1018 1343 1143 1400 eddesius

189 1426 263 1479 dicet
279 1435 345 1478 ante
367 1425 464 1480 oculos
481 1440 555 1477 scos.
576 1433 606 1479 ut
622 1442 671 1483 nos
689 1424 799 1479 dicimus
815 1445 867 1480 cor
883 1426 961 1482 ihren
970 1431 1076 1500 Augen.
1106 1432 1142 1480 llo·

187 1511 249 1562 dem
267 1513 472 1562 modc.Tereut.
506 1511 573 1561 Eun.
596 1507 629 1573 4,
646 1508 682 1573 7,
701 1508 755 1572 84,
775 1514 869 1564 Heaut.
893 1514 926 1582 5,
953 1514 1003 1577 4,ἡ
1021 1513 1061 1564 18.
1089 1513 1142 1565 ovid

110 1587 112 1591 ¹
186 1597 250 1647 Her.
263 1594 296 1661 9,
316 1595 374 1670 121,
402 1597 472 1645 Fest.
484 1593 518 1658 8,
535 1592 597 1648 483.
612 1582 614 1586 V
629 1596 683 1647 Cic.
703 1595 736 1646 de
755 1596 807 1647 Off.
825 1596 859 1661 3,
881 1596 930 1662 14,
945 1597 991 1654 58.
1008 1596 1143 1669 cymbarum

188 1690 256 1733 aute
271 1679 371 1733 oculos
387 1678 550 1735 multitudo.
567 1679 618 1731 Sed
635 1681 713 1732 aliter
730 1681 764 1736 de
782 1684 855 1732 Orat.
872 1682 905 1748 1,
922 1680 977 1746 43,
995 1683 1053 1736 198.
1073 1683 1144 1735 omnic

187 1769 262 1819 enim
288 1776 352 1817 sunt
375 1769 471 1834 posita
488 1778 554 1822 ante
579 1765 686 1829 nescios,
707 1764 848 1821 collocata
873 1768 901 1820 in
921 1788 973 1822 usu
990 1769 1142 1843 quotidiano.

187 1849 220 1901 de
238 1852 302 1917 Leg.
322 1851 355 1912 1,
378 1849 427 1914 18,
445 1849 488 1904 48.
508 1854 631 1923 sequitur
649 1850 695 1914 id,
722 1851 798 1921 quod
817 1854 884 1943 any
898 1853 997 1907 oculos
1015 1872 1049 1908 ex
1062 1857 1095 1908 iis
1108 1862 1143 1914 est,
1180 1872 1185 1939 '1

186 1954 258 2005 quae
274 1935 350 1986 dictu
367 1946 446 2000 sunt,
469 1947 520 1990 etc.
544 1935 588 1986 ubi
608 1937 726 1987 Moserus
743 1937 1016 2005 ridendo‘castigavit
1035 1939 1144 1999 Rathiun,
1183 1960 1185 1969 ·

186 2019 231 2087 qui
252 2036 306 2070 non
325 2020 500 2072 intellexisset
517 2030 583 2075 unte
603 2018 700 2072 oculos
717 2040 775 2072 esss
793 2023 972 2096 perspicuum:
996 2033 1024 2074 at
1046 2024 1144 2076 insulsu-

186 2106 250 2155 tiam
267 2106 390 2158 dictionis
409 2123 463 2157 nou
477 2105 616 2159 admodum
637 2106 765 2172 elegantis
781 2122 857 2160 nemu
876 2125 929 2162 uon
947 2108 1054 2163 sentiet·
1086 2107 1144 2159 Adii·

187 2191 290 2241 ciuutur
309 2190 440 2251 interdum
457 2190 581 2240 vocabula
603 2209 714 2252 coram,
740 2194 847 2248 Terent.
863 2196 930 2250 Eun.
948 2192 981 2258 4,
1002 2192 1039 2258 7,
1050 2192 1094 2248 Ι84.
1110 2210 1145 2261 pa·

185 2272 242 2326 lam
251 2312 259 2338 ,
279 2275 332 2327 Cic.
348 2275 375 2326 in
391 2277 467 2325 Verr.
481 2271 515 2341 5,
534 2272 585 2339 26,
602 2274 645 2330 65.
663 2279 703 2327 De
718 2281 915 2345 exspectatione
930 2297 984 2331 non
998 2280 1077 2333 dubis
1091 2279 1146 2329 Cart.

185 2357 218 2419 7,
239 2359 287 2426 10,
307 2357 331 2410 5.
350 2377 476 2413 caussam
504 2370 563 2411 tam
588 2359 695 2432 effusae
720 2360 865 2428 lactitiae,
891 2383 974 2438 quum
995 2362 1147 2435 supplicium

185 2452 250 2494 aute
281 2442 376 2514 oculos
402 2443 550 2508 haberent,
579 2448 727 2517 requirens.
771 2448 849 2510 Quod
872 2450 994 2503 Vorstius
1015 2441 1146 2516 negaverat,
1171 2468 1173 2473 ·

100 2584 102 2591 .
185 2527 247 2577 addi
264 2545 341 2663 posgc
356 2531 512 2598 pronomina
522 2533 787 2673 meospsuoswue
804 2534 949 2591 vindicavit
964 2533 1147 2590 Drakenborch

185 2611 291 2667 adLiv.
334 2613 455 2678 ,30,8.
559 2612 562 2623 ’

228 2716 355 2783 Virgilius
371 2719 468 2793 aliique
481 2731 575 2789 poetae
589 2720 713 2774 dixerunt
728 2729 794 2775 anto
810 2737 869 2776 ora.
892 2722 974 2777 veluti
989 2727 1056 2776 Aen.
1070 2723 1103 2790 4,
1118 2720 1150 2774 62

182 2810 250 2855 ants
270 2820 319 2854 ora
337 2801 419 2857 deum
444 2780 558 2876 piugdis
582 2809 723 2873 spatiatur
746 2803 784 2855 ad
802 2824 876 2858 cras.
913 2808 945 2871 1,
963 2806 1007 2859 95.
1031 2821 1097 2862 astte
1112 2825 1151 2860 cra

183 2898 304 2955 patrum.
323 2887 355 2939 de
379 2907 430 2958 quo
455 2892 527 2944 conf.
544 2889 670 2941 Pniscieu.
691 2909 717 2959 p.
730 2887 790 2940 976.
812 2888 865 2962 (14,
891 2891 916 2953 1,
932 2890 980 2958 4.).
1019 2882 1151 2945 ῙιιΌίοᾸε

180 2971 248 3040 Rep.
262 2971 295 3039 3,
315 2971 341 3026 9.
359 2975 456 3041 legitur
472 2985 503 3028 ut
521 2985 593 3028 esset
610 2976 730 3044 posteris
752 2985 818 3028 ante
836 2994 868 3027 us
886 2975 1082 3031 documentum
1095 2979 1152 3032 Per·
1180 2987 1181 2991 ’

181 3073 274 3108 sarum
292 3056 401 3111 sceleris
425 3063 630 3129 sentpitemum.
669 3061 788 3113 Muserus
807 3046 953 3117 emendavit
970 3071 1038 3115 aute
1059 3062 1152 3124 oculos,

180 3140 332 3203 immemor,
351 3147 446 3197 Anton.
465 3144 634 3216 Augustinum
649 3144 854 3212 approbantibus
873 3146 979 3213 optimis
999 3149 1100 3200 criticis
1114 3167 1152 3199 re-

181 3225 297 3278 stituisse
313 3212 467 3297 in'Philipp.
483 3228 516 3298 8,
546 3226 581 3292 7,
603 3227 646 3281 20.
676 3239 742 3282 ante
769 3248 801 3282 os
826 3230 976 3301 oculosque
1006 3233 1154 3306 legatorum

180 3313 327 3365 tormentis
346 3312 494 3368 Mutinam
510 3310 677 3366 verberavit.
712 3314 755 3365 Sic
775 3315 803 3366 in
820 3317 896 3369 Verr.
912 3317 946 3381 2,
963 3317 1014 3380 88,
1030 3320 1075 3371 81.
1092 3310 1154 3392 ῥα

178 3397 207 3448 ίη
220 3393 293 3466 soro
312 3396 410 3466 palam
431 3400 599 3469 Syracusis,
624 3403 653 3454 is
674 3409 822 3471 creatque
840 3404 868 3456 iu
887 3400 978 3456 oculis
995 3409 1154 3475 provinciae

73 3524 76 3540 ,
175 3493 256 3553 gesta
276 3492 349 3534 suut.
382 3483 444 3534 coll.
461 3503 487 3552 p.
507 3485 587 3537 liosc.
603 3486 660 3533 Am.
677 3482 711 3547 6,
733 3481 775 3538 16.

224 3585 300 3638 ovid.
321 3585 402 3639 Trist.
423 3585 458 3650 3,
481 3583 515 3650 4,
532 3584 574 3640 57.
599 3595 664 3640 aute
692 3583 788 3638 oculos
805 3599 879 3641 errat
903 3586 1105 3652 domus‚'urbt
1129 3600 1154 3644 et

170 3665 273 3740 fornia
295 3671 427 3726 locorum.
447 3673 485 3723 ita
499 3672 578 3722 etiam
602 3671 661 3725 eod.
682 3672 801 3736 Effert,
825 3675 1032 3743 necquidquam
1054 3686 1153 3727 mutan-

178 3757 247 3809 dum.
274 3759 344 3809 conf.
360 3777 392 3809 ex
408 3760 485 3809 Puut.
502 3757 534 3820 1,
550 3756 582 3820 9,
600 3753 627 3809 7·
692 3818 697 3827 Ι

219 3865 259 3914 De
274 3863 386 3914 formula
404 3871 469 3914 ante
494 3857 592 3912 ociilot
608 3855 708 3912 tabere
731 3857 784 3912 vid.
805 3861 928 3912 Vorstius
952 3861 985 3913 de
1010 3863 1071 3914 Lat.
1090 3864 1152 3916 falsu

174 3965 243 4015 susp.
267 3965 292 4014 p.
317 3945 377 4000 224.
407 3947 515 3999 Noltcn.
535 3944 599 3995 Lex.
625 3943 714 3995 Autib.
740 3962 766 4015 p.
785 3943 861 3996 1836.
904 3946 991 3996 Etiam
1013 3948 1153 4000 dictionem

174 4041 240 4084 ante
261 4029 347 4101 pedes
373 4032 470 4099 probae
493 4028 620 4080 latinitati
643 4028 759 4081 vindicet
782 4031 906 4082 Vorstius
928 4049 955 4098 p.
974 4029 1036 4085 224.
1080 4033 1152 4085 cnut.

176 4115 310 4168 Gebhard.
337 4115 447 4166 nd·Cic.
467 4116 544 4168 Tusc.
569 4133 613 4184 qu.
634 4114 667 4178 5,
692 4112 736 4168 87.
771 4119 910 4170 Βυιιπαιιιι.
930 4117 964 4168 ad
985 4119 1094 4177 Pctreu.
1111 4116 1151 4173 80.
