2618 4770
126 168 179 219 x11

126 304 209 377 Mihi
223 325 309 373 ¹rero
330 298 445 371 donis
466 297 629 390 particulis
650 297 777 368 donno
802 311 879 371 ante
898 305 1007 374 omnia
1023 305 1175 379 donares

128 431 353 503 decernendae
366 428 565 499 ridebantur.
606 428 752 495 Primum
766 429 867 510 enim,
887 433 1038 519 quoniam
1056 434 1177 526 duplex

128 562 182 637 ¹ria
196 571 286 653 patet
298 579 401 646 aeque
419 557 506 623 bona
519 565 553 624 et
566 542 760 645 probabilis,
784 559 988 627 stamendum
1005 574 1076 631 erat
1091 565 1176 654 apud

126 690 393 771 animumutrnm
405 686 440 753 in
454 685 517 753 hac
532 682 734 774 expositione
741 686 782 752 ab
792 685 940 757 univorsa
949 689 1177 777 particularum

126 827 243 887 natura
262 814 438 906 inciperem
457 814 520 894 ita,
541 823 578 879 ut
596 834 755 903 generum
777 813 934 883 rationem
959 826 993 883 et
1012 815 1177 889 diversita-
1218 802 1220 811 ¹

129 955 194 1013 tom
219 951 294 1010 unte
324 942 595 1023 demonstrarem,
621 962 720 1029 quam
737 939 890 1029 ¹singulus
916 942 1088 1033 particulas
1116 970 1176 1017 auo

126 1069 247 1159 generi
259 1071 431 1139 submissas
450 1071 658 1149 illustrarem,
680 1090 723 1136 an
740 1069 867 1159 deipso
879 1070 1179 1181 particularumusu

126 1197 219 1285 prius
236 1220 381 1287 agerem,
395 1208 429 1266 et
442 1198 598 1287 cuiusque
608 1195 785 1286 originem,
804 1196 973 1269 utilitatem
993 1210 1027 1268 et
1045 1196 1180 1295 elaganss

130 1323 207 1393 tiam
221 1324 431 1396 declararem.
450 1329 629 1416 Vtrumque
641 1325 759 1411 hahet,
775 1330 840 1412 quo
851 1347 892 1393 ae.
902 1327 1177 1399 commendatio

129 1450 184 1518 illa
199 1451 251 1519 via
269 1453 491 1545 suppeditatur
512 1451 754 1543 compendium,
773 1452 862 1539 quod
882 1453 992 1543 plures
1004 1457 1177 1545 ponentur

127 1580 331 1671 uuaregula,
338 1578 904 1673 unorenpminecompreltandatzin
916 1582 1177 1655 hacnutemusus

43 1672 47 1691 Ι
126 1717 164 1777 at
179 1688 299 1797 patrina
319 1711 535 1800 singularum,
554 1728 691 1795 quarum
714 1706 803 1775 nulla
823 1730 940 1799 expers
961 1715 1178 1803 estproprio⁴

128 1842 197 1903 tate
218 1858 279 1924 per
302 1859 339 1906 se
359 1833 552 1926 spectanda,
580 1831 759 1901 distinctius
778 1843 813 1901 at
831 1835 947 1904 clarius
968 1837 1181 1919 demonstrari

128 1961 366 2051 potamium,
392 1984 490 2050 quum
516 1960 670 2051 imprimis
689 1961 984 2034 inJconstmctiona
1004 1971 1180 2043 vocnhulo·

125 2108 200 2159 tum
219 2100 383 2170 versetur,
404 2086 635 2180 grammaticae
649 2087 774 2157 scilicet
794 2100 919 2180 partem
941 2095 1091 2180 exhibet,
1113 2099 1179 2168 hoc

127 2239 229 2304 quum
250 2217 388 2285 maxime
414 2217 448 2285 in
478 2215 766 2305 significationibus
787 2221 1018 2295 constituendis
1041 2226 1179 2309 laboret,

125 2343 172 2413 ad
190 2343 416 2435 lexicographi
441 2342 585 2411 officium
609 2343 761 2434 pertinet.
806 2347 912 2438 Atque
933 2350 1023 2420 hanc
1044 2353 1178 2422 alteram

127 2471 229 2553 uam,
255 2470 436 2560 quaemihi
459 2492 526 2537 non
549 2470 686 2539 brevior.
703 2471 855 2561 quidam,
882 2476 942 2544 sed
964 2481 1083 2546 certior
1104 2504 1179 2550 asse

126 2598 313 2682 uidebatur,
341 2609 516 2691 propterea
533 2598 700 2690 ingressus
720 2622 810 2680 snm,
837 2601 926 2688 qnod
947 2603 1113 2684 ridebam,
1136 2632 1179 2677 ex

125 2726 184 2808 iis,
203 2751 287 2816 quac
300 2729 343 2797 de
357 2736 471 2797 nahita
488 2736 522 2823 et
534 2748 597 2795 mu
612 2727 841 2817 particularum
857 2727 1110 2818 disputarentur,
1128 2734 1176 2801 fa-

125 2854 218 2923 cilius
233 2855 277 2924 ad
298 2878 339 2924 aa
360 2854 488 2923 transiri
504 2874 618 2944 posse,
639 2878 723 2943 quae
744 2853 788 2922 da
810 2857 985 2945 generibus
1007 2869 1041 2927 et
1064 2860 1176 2928 ordine

125 2965 355 3070 particularum
377 2982 517 3053 dicenda
530 2990 647 3053 essent.
685 2981 773 3051 Nam
786 2981 888 3075 longa
900 2995 951 3055 est
964 2995 998 3053 at
1013 2986 1176 3074 multiplex

125 3108 209 3179 llaec
221 3108 398 3199 disquisitio
411 3130 587 3203 generum:
607 3108 714 3198 inqua
719 3120 850 3197 praeter
863 3113 928 3183 alia
941 3116 1055 3206 quaeri
1069 3114 1174 3203 debet,

124 3235 169 3305 ad
177 3239 339 3325 quodnam
354 3262 461 3331 genus
468 3237 626 3326 pnrh‘cula
633 3260 782 3328 quaeque
794 3241 973 3325 reseratur,
994 3268 1060 3333 quo
1075 3243 1171 3311 modo

125 3361 279 3463 adverbia
293 3376 327 3434 et
342 3344 587 3455 coniunctiones
601 3374 750 3435 naturam
771 3391 862 3437 suam
875 3380 1089 3450 commutent,
1109 3394 1175 3456 quo

124 3502 222 3581 pacto
253 3464 513 3587 coniunctiones,
544 3519 629 3584 quae
644 3494 773 3563 rationi
803 3504 837 3561 et
863 3495 1072 3565 ratiocinandi
1102 3499 1175 3565 unni

122 3620 276 3709 propriae
292 3646 365 3691 esso
385 3623 548 3704 videntur,
570 3621 731 3691 interdum
745 3618 842 3687 etium
857 3619 890 3686 in
906 3622 1174 3704 enuntiationibus

122 3771 189 3817 non
213 3748 398 3840 compositis
428 3751 536 3817 locum
559 3748 740 3828 obtineant,
767 3749 862 3833 quala
881 3749 928 3817 sit.
943 3750 1021 3821 illud
1043 3744 1173 3823 tertium

120 3900 246 3967 genus,
268 3878 356 3968 quod
371 3899 437 3946 non
453 3877 496 3946 ad
506 3874 723 3959 intellectum,
744 3896 851 3964 neque
865 3877 908 3947 ad
922 3881 1094 3963 rationem,
1106 3885 1172 3952 sed
