2618 4770
153 299 238 397 aa
548 290 786 401 anuonru.

126 493 130 496 -
150 452 308 517 tomiano
324 410 580 537 reprehensione
596 448 730 534 quidem
743 448 846 536 digna
861 467 931 516 esso
945 450 1097 517 videtum
1134 452 1201 519 aa

150 540 255 622 magis
271 535 477 622 probabilem
495 535 661 603 rationem
684 533 835 601 exhibuit
849 536 1063 621 Perizonius,
1085 538 1147 625 qui
1161 539 1201 609 ad

150 622 374 687 sanctii-Min.
398 621 436 695 4,
452 625 483 684 2.
506 643 541 706 p.
567 625 618 683 11.
643 620 833 701 contendit,
870 643 942 686 non
966 623 1094 689 diuersa
1119 645 1194 689 mo-

149 709 212 788 do,
235 707 291 772 scd
311 705 476 769 contrario
490 704 553 777 hac
568 705 728 791 particula
742 703 929 790 significari,
947 720 986 771 ut
1000 709 1191 794 quaemodc

147 795 321 857 notionem
337 790 502 870 intendat,
523 791 628 854 modo
643 791 822 860 imminuat
839 813 924 857 eam.
953 793 1201 879 Baumgartem,

148 878 282 943 Crusius
298 876 334 940 iu
349 876 588 941 ClaviSueton.
607 898 642 962 p.
659 879 731 940 108.
748 876 887 961 intelligi
902 878 1026 953 voluit,
1045 876 1201 965 0001114-

111 986 113 991 ·
146 964 288 1028 modum
304 961 453 1042 accedat,
476 961 589 1048 paucis
606 959 657 1025 vel
678 959 903 1026 deficientibus
925 962 978 1029 vel
994 958 1201 1049 abundantia,¹

145 1050 206 1112 bus
216 1096 225 1129 ,
247 1057 345 1135 atquc
363 1050 426 1111 hoc
443 1069 512 1110 esse
523 1043 627 1134 fere:
658 1045 694 1109 in
712 1045 832 1132 quibus
848 1047 971 1112 scilicet
984 1047 1080 1130 illud,
1101 1048 1185 1136 quod

143 1129 179 1197 in
195 1133 256 1196 hac
278 1133 411 1217 quidem
427 1131 648 1219 explicatione
661 1132 859 1230 primarium
874 1143 941 1213 est,
958 1155 1085 1221 pauca,
1109 1156 1184 1222 quae

145 1218 304 1284 deliciunt
316 1228 371 1281 aut
389 1216 574 1300 abundent,
604 1215 689 1281 nihil
712 1227 841 1283 mutare
864 1217 898 1282 in
922 1220 1056 1283 numeri
1080 1243 1182 1285 acces·-

143 1305 255 1382 sione,
277 1326 347 1367 non
364 1305 437 1391 ipso
454 1301 616 1366 vocabulo
632 1325 674 1366 ex
699 1303 848 1379 rimitur,
879 1323 986 1389 neque
1010 1303 1112 1370 altera
1133 1306 1181 1373 illa

143 1387 350 1477 significatio,
373 1410 436 1474 qua
452 1397 501 1452 est
517 1385 628 1463 valde,
653 1325 740 1452 aliud
756 1388 791 1451 in
807 1411 842 1452 sc
859 1385 968 1469 habet,
988 1407 1089 1475 quam
1105 1404 1180 1455 con·-

142 1475 281 1538 trarium
304 1496 452 1562 prorsus.
502 1473 573 1537 Nos
601 1471 698 1536 aliam
725 1472 812 1537 viam
834 1473 1077 1561 ingrediamur,
1106 1498 1179 1563 quac

63 1586 65 1591 ·
143 1561 256 1625 eadem
273 1570 322 1624 est
336 1559 522 1649 primitivae
536 1549 802 1642 significationis,
824 1580 931 1644 neque
950 1559 1020 1624 aliis
1036 1570 1111 1625 ante
1124 1583 1177 1627 nos

16 1666 28 1690 s
140 1642 320 1743 incogniti.
345 1643 445 1711 Cous.
462 1643 591 1707 Ernest.
610 1644 757 1707 Glossar.
779 1643 903 1708 Livian.
919 1667 954 1731 p.
969 1650 1023 1709 23.
1063 1646 1176 1723 Addita

140 1754 226 1796 emm
253 1730 416 1805 vocabulo
449 1727 636 1792 admodum
664 1729 857 1816 exprimunt
877 1729 983 1807 Latini
1007 1750 1176 1797 numerum

141 1817 344 1905 completum
364 1826 397 1879 et
410 1825 572 1893 exactum,
596 1834 694 1898 quem
709 1823 805 1878 notat
819 1815 1018 1879 vocabulum
1033 1827 1132 1899 tatus,
1144 1826 1176 1881 ut

140 1903 257 1967 decem
277 1901 392 1965 millia
415 1898 602 1962 admodum
628 1899 694 1962 sint
716 1903 787 1963 tota
806 1900 921 1964 decem
937 1900 1052 1980 millia,
1073 1924 1188 1988 goare,

138 1985 386 2052 eebatausead:
410 1984 467 2048 sed
481 1993 622 2047 utuntur
645 1982 721 2055 hoc⁴
738 1984 838 2049 verbo
863 2007 933 2049 non
959 1996 1030 2049 tam
1057 1988 1098 2050 ad
1117 2008 1177 2051 nu-

136 2094 269 2135 merum
294 2080 442 2134 acciu-ate
466 2067 706 2148 definiendum,
738 2091 839 2155 quam
861 2080 899 2132 ut
922 2093 1084 2156 magnum
1107 2092 1175 2137 eum

79 2150 86 2158 ’
137 2180 206 2221 esse
226 2154 382 2219 indicant.
424 2153 563 2217 Exsistit
586 2176 664 2218 vero
686 2155 811 2219 diversa
833 2156 939 2238 ratio,
971 2158 1039 2221 sive
1062 2179 1176 2223 numo·

135 2263 213 2306 rum
236 2240 324 2304 hunc
352 2241 392 2303 ad
414 2239 577 2303 maiorem
593 2237 803 2322 referamus,
843 2238 911 2304 sive
946 2263 1024 2306 cum
1050 2233 1193 2323 minore

137 2347 389 2414 comparemus,
413 2346 480 2410 quo
497 2322 734 2413 significemus,
768 2348 838 2389 non
853 2327 1021 2391 minorem
1037 2338 1094 2391 aut
1111 2348 1179 2393 non·

134 2413 297 2476 maiorem
315 2433 384 2475 esse
407 2428 594 2474 numerumi
645 2411 777 2490 Curtius
802 2433 907 2496 quum
926 2414 965 2492 4,
990 2418 1030 2477 12
1038 2460 1049 2510 ,
1071 2417 1104 2478 6.
1127 2412 1184 2493 111-’

135 2499 198 2561 cita
219 2498 255 2560 ia
271 2496 366 2560 laevo
388 2517 492 2560 cornu
514 2495 702 2560 Bactriani
724 2493 821 2560 ibant
845 2497 971 2627 epuites
994 2496 1090 2575 malle
1111 2496 1176 2563 ad·-

132 2581 288 2657 modum,
307 2581 434 2645 Dahae
450 2580 594 2645 totidem
607 2593 640 2645 et
654 2581 838 2644 Arachosii
855 2582 1010 2669 audique
1055 2594 1176 2663 ieamer

132 2667 246 2732 millia
263 2665 453 2752 explebant.
476 2667 540 2730 nisi
560 2666 765 2753 completum
780 2688 959 2748 numerum
973 2668 1041 2732 inte
1063 2669 1175 2755 [geret

132 2754 250 2817 addere
265 2755 322 2816 vix
338 2763 451 2839 posset
464 2751 618 2816 totidem.
642 2752 759 2833 Cacsar
772 2752 810 2816 Β.
826 2751 911 2815 Gall.
931 2753 951 2816 5
965 2801 979 2832 ,4
996 2755 1049 2832 40,
1078 2764 1177 2835 nacae

129 2867 172 2888 *—
188 2849 296 2902 turres
314 2836 501 2918 admodum
519 2835 624 2902 CXX
636 2837 828 2900 excitantur
846 2835 1042 2902 incredibili
1055 2834 1179 2919 celeri-³

130 2928 213 2987 tate.
236 2920 453 2986 confirmatur
472 2942 531 3010 per
544 2945 618 2986 voc.
639 2920 833 2999 admodum
852 2936 1030 3004 numerus,
1055 2946 1100 2990 ne
1122 2925 1175 3008 ni··

128 3010 215 3072 mius
231 3009 395 3072 videaturr
412 3032 486 3084 ,aon
501 3008 613 3070 minus
632 3029 734 3092 qaam
755 2998 859 3072 CXX
876 3019 998 3087 turres.
1028 3011 1099 3075 Livi
1122 3016 1176 3089 22,

128 3095 188 3172 24,
216 3099 266 3157 14.
287 3117 345 3156 aex
367 3093 482 3156 millia
504 3092 651 3155 bostium
672 3114 794 3156 caesa.-
822 3093 965 3180 quiaque
989 3094 1177 3160 admodum

127 3172 369 3258 Rornanonuu.
400 3196 545 3263 quorum
572 3197 685 3240 sensus
718 3185 782 3240 esta
814 3199 914 3263 cama¹
932 3180 1079 3264 quinque
1105 3186 1175 3261 tota

125 3264 249 3345 millia,
279 3265 323 3327 ita
344 3261 382 3326 ul
403 3285 464 3349 par
488 3275 596 3350 prope
619 3264 703 3324 esset
725 3262 843 3327 clades.
896 3264 961 3327 Sed
986 3262 1118 3329 Curtius
1135 3265 1175 3330 ad

125 3350 288 3413 r'n'aiorer'rt
312 3357 491 3411 numerum
515 3346 691 3433 'respiciens
720 3348 760 3429 4,
791 3353 810 3412 9
818 3383 828 3430 5
853 3349 905 3412 24.
934 3348 1028 3412 mille
1048 3340 1175 3413 admo-

45 3492 55 3511 ,
115 3434 209 3497 ‘dum
230 3435 356 3520 equites
374 3433 627 3518 praemiserat,
651 3443 793 3518 quorum
816 3434 995 3518 paucitate
1015 3433 1174 3499 Alexam

125 3518 188 3582 der
202 3519 399 3603 ereptorem,
422 3515 546 3580 deinde
561 3528 756 3604 contempta
763 3515 981 3615 praejectum
994 3518 1175 3583 Paeonum

116 3602 447 3689 'equitumAristoua
462 3601 591 3664 laxatis
606 3599 747 3666 habenis
762 3604 873 3666 tavela'
888 3604 995 3666 iussin
1016 3605 1038 3666 i.
1057 3618 1086 3668 (1.
1104 3618 1174 3670 non

126 3689 265 3775 amplius
280 3685 382 3750 mille.
426 3685 475 3749 lta
490 3687 524 3749 in
548 3687 702 3750 omnibus
720 3687 820 3767 locis,
849 3687 884 3749 in
903 3701 1046 3772 quorum
1063 3689 1174 3777 pluri-⁶

123 3773 186 3836 mis
202 3771 455 3859 interpretandis
478 3771 632 3836 adhibere
655 3773 752 3836 etiam
771 3782 947 3858 possumus
970 3768 1070 3839 verba
1094 3786 1174 3841 zum

122 3858 280 3922 ltdc'bstea
294 3867 327 3921 et
341 3867 417 3919 'errat
433 3857 633 3942 wenigatea.
658 3858 726 3922 Lia.
748 3862 808 3936 27,
830 3861 893 3937 30,
917 3864 947 3921 2.
970 3860 1028 3941 44,
1050 3862 1172 3942 aas&

7 4000 9 4002 ,
122 3944 184 4024 42,
208 3946 325 4022 65‚3÷,
349 3943 430 4007 Cato
453 3941 706 4022 (lettaniae,
736 3947 766 4005 2.
795 3952 921 4025 pastea
944 3939 1001 4006 abi
1025 3934 1173 4032 ocetpriet

121 4025 260 4111 fervere,
270 4027 453 4113 paulisper
471 4025 641 4092 demittite
657 4036 757 4113 usque
770 4024 957 4091 admodum
968 4028 1050 4092 dum
1066 4033 1170 4118 quina

122 4115 214 4202 quies
231 4114 373 4203 quinque
390 4132 563 4178 numeres.-
586 4123 659 4178 tum
677 4111 824 4178 eaimitoa
848 4109 887 4179 ln
908 4112 1067 4182 Cicerone
1087 4117 1170 4184 nal-2
