2618 4770
576 318 705 387 ffl-
1122 334 1182 400 aar

203 517 205 521 .
221 480 272 546 15.
301 477 380 556 Quo
399 473 556 541 differunt
569 487 631 540 out
642 484 688 541 ¹'ct
708 497 757 541 on
797 476 832 544 id
847 479 914 544 iam
930 506 1005 572 pag.
1022 488 1097 551 098.
1112 492 1181 553 'exe

129 565 241 652 posui.
285 563 444 643 Quamvis
472 560 641 649 igiturne
664 562 1070 650 ipsamdisiunctiouem,
1099 594 1182 659 quae

129 653 266 737 utrique
281 647 441 713 vocabulo
452 695 463 728 ,
483 645 540 711 scd
555 647 680 712 diversa
700 648 830 712 ratione
849 650 1005 737 imposita
1028 667 1093 735 est,
1123 680 1181 722 co-

130 748 231 823 gnata
252 734 444 814 videantur,
466 742 498 795 et
522 732 610 796 adeo·
624 736 780 821 proxime
803 757 837 798 se
859 737 1036 826 attingant,
1070 744 1182 810 tamen

106 834 196 905 ,orat
213 820 515 909 non'poniturpro
538 841 597 881 an.
639 816 726 882 Nam
748 820 801 902 id,
826 822 915 906 quod
940 827 1105 891 incertum
1129 829 1181 894 vi·
1250 869 1251 872 =

132 907 232 971 detur
257 915 291 968 et
317 904 357 968 de
384 924 460 992 quo
482 902 667 977 dubitatur,
692 908 767 968 'non
791 917 904 991 potest
929 923 1016 976 certa
1043 915 1182 981 notione
1228 978 1230 982 ,
1295 954 1296 958 =

130 989 382 1080 comprehendi.
404 987 575 1074 Exemplis
593 988 628 1050 id
645 986 868 1057 demonstravi
907 1001 997 1061 .298.
1015 1008 1047 1061 et
1061 1022 1097 1087 p.
1107 1004 1182 1065 303.

129 1089 167 1145 et
186 1082 261 1143 808.
278 1097 361 1165 quae
375 1074 430 1137 hio
445 1083 596 1159 repetere
610 1075 826 1139 nonattiuet.
869 1015 923 1142 alx
942 1081 1075 1157 multis,
1098 1106 1181 1170 qnae

129 1165 169 1232 in
184 1171 348 1251 promptu
363 1167 460 1237 sunt,
490 1157 664 1243 pauoahic
681 1160 842 1225 adiiciam.
885 1165 949 1228 Sed
968 1178 1079 1255 potest
1093 1190 1180 1235 nova
1213 1232 1216 1237 .

128 1245 348 1331 interrogatio
375 1244 415 1307 ab
439 1252 517 1320 out,
547 1240 788 1331 §iae-potiora
811 1260 977 1334 opponat,
1000 1253 1121 1341 incipi,
1144 1265 1182 1319 ut

112 1334 238 1400 ‘Plana
257 1332 355 1395 Most.
372 1333 409 1403 a,
427 1332 468 1403 a,
489 1328 542 1391 tt.
564 1327 635 1392 uait.
648 1334 687 1408 a,
710 1331 751 1410 5¹,
772 1331 825 1395 ac.
852 1333 920 1397 nie.
935 1334 976 1399 «re
993 1337 1064 1402 un.
1083 1326 1181 1421 1316,

130 1420 189 1486 62.
211 1419 337 1483 Caesar.
354 1413 392 1476 B.
409 1413 507 1494 Gal,
528 1415 582 1476 40.
607 1414 673 1478 vid.
692 1437 727 1501 p.
743 1416 816 1480 354.
839 1427 949 1504 potest
970 1421 1005 1484 in
1023 1410 1183 1507 quacum-

132 1526 199 1656 ssuc
229 1499 490 1599 interrogatione
520 1508 552 1562 et
582 1496 786 1565 dubitatione
809 1502 977 1590 interponi
1006 1506 1181 1575 disiunctio

158 1610 279 1654 uarum
293 1596 488 1649 notionum:
513 1583 603 1670 quod
620 1587 654 1650 in
669 1586 783 1651 multis
800 1589 960 1676 exemplis
980 1589 1183 1659 fefellit'cri-

106 1708 113 1723 ’
132 1678 228 1759 ticos.
269 1671 341 1736 lam
357 1668 597 1748 Quinctilianu's
617 1677 653 1747 1,
678 1668 795 1754 5,'5o.
815 1695 899 1737 nom
917 1685 950 1738 et
972 1699 1027 1741 on
1051 1688 1084 1740 et
1107 1690 1183 1743 out

132 1758 387 1826 coniunctiones
411 1765 508 1825 aurat:
536 1756 627 1820 mule
656 1767 772 1822 tomen
798 1757 988 1846 interroges
1009 1761 1081 1826 hic
1107 1775 1187 1828 aut·

134 1839 320 1913 illesic?
340 1840 458 1933 quibus
479 1841 617 1904 everbis
639 1843 793 1930 colligere
818 1844 998 1922 nonlicet,
1021 1846 1184 1932 quosdam

85 2014 87 2019 Ι
133 1932 222 1999 illius
233 1927 399 2015 temporis
423 1927 599 2013 scriptores
616 1927 660 1989 ita
675 1926 832 2013 loquutos
848 1953 926 1994 csse.
958 1932 1012 1996 Εἰ
1030 1952 1113 2016 quae
1131 1929 1182 1995 af-

134 2018 286 2085 feruntur
302 2024 473 2097 tamquam
491 2021 578 2075 certa
594 2013 746 2099 exempla
753 2014 849 2089 Plinii
858 2017 928 2080 Sec.
946 2026 978 2079 et
993 2015 1111 2091 Taciti,
1126 2027 1184 2080 aut

134 2103 218 2169 falsa
240 2108 336 2178 sunt,
359 2107 413 2160 aut
437 2096 498 2160 alia
520 2096 697 2161 commoda
728 2105 760 2162 et
782 2110 858 2186 apta
881 2102 1009 2165 ratione
1033 2101 1183 2189 expediri

135 2189 267 2254 debent.
324 2183 391 2247 Sed
419 2181 611 2263 Noitenius,
650 2193 683 2247 et
713 2204 797 2269 quos
825 2184 880 2249 ille
908 2186 943 2250 in
967 2186 1048 2251 Lex.
1081 2186 1183 2249 antib.

132 2267 390 2368 p.1383.affert
411 2278 580 2343 auctores,
606 2267 774 2333 inhaere
795 2292 866 2334 non
891 2281 1039 2336 accurate
1062 2271 1183 2336 versati

133 2370 230 2426 aunt:
250 2368 452 2432 tamennon
474 2353 571 2438 pauci
596 2352 806 2418 crediderunt
827 2355 877 2419 his
904 2356 1040 2421 testibus
1062 2376 1183 2444 parum

104 2522 111 2534 .
132 2443 273 2513 idoneis.
296 2438 363 2507 vid.
386 2435 578 2505 Grotefend.
596 2439 820 2504 commentar.
839 2464 874 2532 p.
891 2447 965 2506 210.

178 2534 180 2540 Ι
238 2548 312 2599 Inter
331 2558 386 2606 eos,
406 2541 520 2617 quirem
540 2549 614 2592 caute
633 2549 661 2590 et
680 2539 821 2607 diligenter
844 2550 1006 2607 tractarunt,
1028 2541 1184 2605 nominandi

204 2640 265 2685 sunt
283 2630 415 2681 Gesnerus
432 2626 465 2678 ad
482 2626 547 2678 Plio.
564 2626 612 2699 Ep.
630 2624 679 2686 10,
699 2623 742 2685 48.
765 2626 932 2696 Oudendorp.
959 2627 992 2684 ad
1017 2629 1088 2679 Suet.
1105 2629 1183 2680 Dour.

204 2717 249 2771 17.
282 2714 438 2781 Heusinger.
464 2712 572 2764 Obaerv.
591 2697 725 2767 antibarb.
745 2727 773 2784 p.
792 2705 853 2765 459.
868 2783 870 2787 .
885 2713 1013 2777 Matthiae
1032 2710 1067 2763 ad
1084 2710 1139 2764 Cic.
1154 2731 1182 2783 p.

202 2804 282 2858 Roac.
301 2803 332 2852 A.
351 2797 403 2862 21,
423 2793 467 2853 69.

235 2889 322 2942 Plaut.
337 2882 395 2935 Aul.
414 2882 447 2947 2,
466 2881 500 2947 6,
522 2881 565 2935 11.
590 2901 724 2938 coenaenc
751 2900 866 2947 caussa,
894 2891 943 2936 aut
968 2890 1033 2936 tuoe
1050 2877 1183 2938 mercedis

204 2975 315 3048 gratia,
338 2986 390 3023 nos
408 2979 519 3022 nostras
536 2967 619 3023 aedes
637 2965 769 3041 postolos
789 2965 967 3022 comburere?
989 2976 1040 3021 aut
1058 2975 1099 3018 est
1118 2981 1182 3016 cor-

203 3057 315 3128 rigentis
342 3072 414 3118 sese,
440 3064 485 3106 aut
509 3053 614 3125 potius,
642 3053 710 3108 oder
729 3052 871 3109 vtetmetr.
905 3051 999 3106 Bacch.
1026 3050 1059 3119 1,
1078 3048 1113 3116 2,
1139 3044 1182 3098 54.
1282 3030 1290 3060 ²

200 3141 258 3215 ,eibi
283 3158 351 3213 ago,
377 3149 427 3192 aut
455 3150 485 3192 tu
509 3137 580 3192 milri
606 3155 701 3192 servus
721 3134 923 3206 esi'antiquae
941 3134 1088 3197 editiones,
1118 3148 1182 3201 quas

203 3226 324 3296 inspexi,
350 3233 377 3276 et
401 3224 478 3277 codd.
502 3243 539 3276 an
563 3224 671 3275 habent.
711 3223 851 3290 Vulgatum
875 3228 927 3274 aut
948 3229 1018 3274 esset
1041 3215 1131 3278 ltaud,
1153 3224 1183 3266 ut

206 3315 335 3364 Gruterus
353 3311 485 3361 correxit:
510 3311 533 3360 si
555 3307 711 3360 disiunctiva
726 3316 885 3378 poneretur,
900 3307 1002 3359 ironiae
1019 3304 1072 3358 vim
1093 3310 1120 3352 et
1136 3317 1182 3351 sa-

128 3406 133 3415 ’
159 3404 162 3414 “
204 3399 258 3450 lem
283 3395 369 3448 inesse
393 3395 525 3446 Gesnerus
549 3392 721 3445 existimabat.
754 3392 809 3444 Cic.
827 3392 861 3444 ad
880 3394 934 3442 Ata.
951 3389 985 3454 8,
1004 3388 1030 3442 3.
1049 3386 1123 3439 recte
1138 3385 1183 3436 le-

205 3483 290 3552 gitur:
316 3499 370 3552 age
384 3481 440 3532 iam
466 3474 632 3547 cumfratre
649 3496 688 3529 an
706 3476 786 3531 sina?
810 3495 871 3530 cum
881 3472 975 3545 filio?
999 3480 1049 3524 aut
1069 3486 1183 3542 quomo·

207 3566 266 3620 do?
301 3566 321 3621 i.
349 3582 372 3617 c.
407 3581 465 3618 eum
494 3562 555 3615 filio
588 3581 622 3613 an
652 3560 730 3614 aine?
756 3554 819 3615 'aut
848 3554 1002 3631 quomodo?
1043 3559 1115 3608 Brut.
1137 3549 1183 3615 44,

140 3714 142 3719 ,
206 3651 268 3704 162.
288 3651 358 3715 crit,
376 3652 467 3720 iuquit
485 3649 603 3711 Brutus,
623 3657 674 3700 aaa
690 3647 746 3699 iam
763 3657 806 3700 est
832 3649 886 3700 ista
912 3656 991 3714 ‘luam
1016 3636 1185 3711 exspectas?

205 3736 333 3803 Hearing.
353 3744 381 3788 et
393 3734 533 3786 'Schiitains
559 3733 723 3786 scribendum
738 3749 794 3784 esse
812 3730 938 3799 putabant
957 3742 1012 3790 aa,
1036 3721 1183 3776 Ellendtius

209 3822 276 3874 haec
295 3820 383 3872 addit:
394 3815 396 3819 ’
409 3819 494 3885 „illud
516 3828 566 3871 aut
582 3821 610 3870 in
627 3819 710 3870 alte'ro
729 3815 844 3868 'membro
870 3809 1088 3878 interrogationis
1106 3807 1183 3877 posi-

205 3917 262 3958 tum
278 3908 344 3960 adeo
362 3900 488 3959 sermonis
512 3903 627 3975 purioris
643 3903 745 3971 legibus
761 3907 903 3968 repugnat,
920 3906 950 3948 ut
967 3889 996 3946 iu
1015 3896 1122 3946 soloeee
1139 3892 1184 3942 di·-

126 3978 129 3985 ’
207 3992 257 4044 ctis
281 3991 401 4060 posuerit
414 3988 548 4054 Quinctil.
566 3990 600 4057 1,
616 3985 651 4056 5,
668 3986 712 4039 50.
746 3988 834 4051 Et3ne
851 3981 976 4034 Suetonio
994 3981 1099 4050 quidem
1118 3997 1184 4032 con-

206 4077 278 4129 eedit
310 4076 510 4146 Oudendorpius
526 4075 569 4128 'ed
595 4078 673 4128 Dum.
699 4073 759 4126 17;“
786 4068 950 4122 Matthiae·
967 4066 1058 4119 reiicit
1084 4081 1185 4119 ornnem

208 4161 432 4228 emendationem,
445 4169 486 4216 'et
510 4169 594 4216 recte.
608 4159 730 4231 quidem}
754 4156 815 4212 narn
835 4170 890 4208 non
915 4152 1067 4226 quaeritur,
1100 4160 1185 4204 utrum
