2618 4770
555 325 687 392 rurs.
1083 334 1146 400 aer
1202 368 1241 434 g

109 462 293 549 itineme
311 490 416 551 ante
441 481 557 547 diem
574 470 959 547 XIIcalendaru'm
980 507 1148 553 nouem-

110 564 473 642 briumdicerein
494 566 851 656 senatu‚f0re-in
871 570 1148 638 urmiecerto
1216 571 1219 577 ’
1254 610 1257 617 ·

113 650 186 736 die,
213 655 289 742 urci
305 649 603 738 diesfuturns
621 665 736 718 esset
754 655 986 720 antediem
1006 656 1147 728 VI'ca-

115 738 328 813 landarum
350 736 666 802 novembrium.-
682 762 750 824 pro
778 737 823 802 in
844 737 957 805 diem
979 754 1149 808 sextum
1177 776 1179 786 ·
1256 729 1271 783 '¹‘

116 824 394 890 calendarum
426 823 733 889 novembrium.
792 824 906 889 Ante
930 825 1148 915 frequentius

116 920 212 975 tamen
230 909 425 975 accrtsatiuo
446 908 671 995 adiungitur,
699 920 732 974 et
746 929 812 993 per
826 909 979 996 ellipsim
992 937 1147 1001 praepo*
1217 913 1237 931 '¹

115 994 248 1060 titionis..
272 995 411 1059 ‘Nescio
424 995 597 1082 quomodo
620 994 675 1058 alii
696 1004 846 1061 extrema
870 995 951 1062 haee
966 998 1147 1071 intellexe-

113 1081 176 1161 rint,
193 1081 278 1146 mihi
297 1081 418 1144 dixisse
435 1082 564 1146 videtur
581 1080 783 1161 Priscianus,
799 1077 1060 1166 frequentiorem
1079 1109 1159 1150 esse.

112 1184 194 1230 usum
210 1168 394 1232 formarum
411 1164 599 1230 antediem
622 1178 754 1230 sextum
769 1164 836 1230 cal.
858 1177 894 1231 et
916 1179 1009 1233 sexto
1028 1171 1147 1234 calen-

112 1248 181 1315 das.-
204 1251 295 1338 quod
319 1250 328 1314 i
355 1272 448 1337 sep.
475 1253 568 1315 1214.
592 1252 672 1315 inter
703 1259 828 1315 rotatur
847 1265 941 1318 ante
972 1254 1149 1322 calendae.
1218 1266 1221 1271 ’

109 1333 199 1400 Sicuti
216 1339 284 1402 Cic.
303 1274 427 1400 aisti.
444 1341 483 1412 7,
506 1337 537 1402 5.
564 1334 618 1400 ita
643 1273 827 1409 adportent
843 1336 908 1403 III
923 1362 1054 1423 nonae,
1068 1364 1148 1407 na-

109 1423 165 1486 tali
180 1444 266 1487 meo.
309 1427 368 1504 13,
390 1422 443 1486 42.
485 1426 546 1502 11,
570 1427 623 1486 23.
642 1422 763 1508 pridie
783 1444 858 1486 eum
872 1421 977 1489 diem'
1020 1427 1084 1491 Sed
1103 1446 1171 1492 ne*
1270 1475 1273 1483 ·

109 1500 198 1571 iahis
221 1507 353 1595 quidem
373 1509 532 1573 omissam
555 1529 623 1571 esse
640 1507 922 1595 praepositionem
940 1514 1147 1597 putaverimz
1183 1548 1185 1554 ν

109 1608 174 1658 nam
191 1595 301 1659 omitti
317 1601 428 1680 potest
442 1594 666 1680 praepositio,
688 1614 792 1680 quum
818 1594 886 1658 eius
903 1596 951 1661 vis
967 1618 1070 1684 aeque
1085 1621 1148 1697 per
1235 1596 1237 1600 '
1279 1684 1281 1691 Ι

109 1678 286 1766 implicem
306 1699 422 1743 casum
453 1678 671 1765 exprimitur:
702 1678 795 1764 quod
821 1681 992 1746 nonlicet
1016 1682 1089 1749 fieri
1111 1707 1148 1749 m

109 1764 203 1830 'erbis
220 1776 319 1846 ante,
336 1772 429 1850 post.
472 1763 634 1829 Dicebant
650 1762 751 1851 igitur
766 1765 873 1830 Latini
894 1767 996 1831 tertio
1020 1776 1053 1833 et
1075 1781 1148 1834 ter·

109 1850 185 1915 ium
200 1871 269 1914 uno
292 1851 475 1935 eodemque
490 1871 589 1915 sensu
614 1851 654 1915 de
670 1849 741 1931 die,
770 1872 837 1936 quo
862 1849 986 1938 aliquid
1009 1852 1148 1938 factum,

109 1936 380 2022 [uemadmodurn
398 1957 460 1998 nos
477 1934 545 2000 den
561 1935 691 2001 dritten
709 1945 742 1999 et
765 1958 824 2000 am
848 1935 979 2003 dritten
995 1939 1147 2016 dicimus,

109 2021 327 2109 ddebantque
343 2022 465 2085 mensis
480 2043 607 2086 nomen
622 2020 824 2097 accusativo,
856 2043 923 2109 quo
939 2024 1148 2090 numeratio-

109 2108 144 2172 1is
162 2109 267 2188 ratio,
291 2109 358 2172 sive
372 2107 535 2194 temporis
551 2128 749 2196 progressus
766 2108 1024 2196 exprimeretur:
1044 2111 1145 2183 tertio

109 2193 146 2258 lia
160 2214 293 2273 versus,
312 2192 370 2257 ‘vel
384 2192 419 2257 in
436 2192 597 2258 calendas.
640 2193 818 2258 Salmasius
842 2193 931 2258 haud
946 2194 1033 2261 male
1049 2219 1147 2261 eom-

109 2288 191 2343 rarat
215 2298 430 2342 communem
442 2275 757 2343 'usum‘verborum
776 2279 898 2365 paullo
924 2281 965 2344 et'
982 2282 1146 2368 paullum

109 2373 188 2428 inte.
232 2363 298 2429 vid.
325 2362 481 2427 Priscian.
503 2384 539 2448 p.
558 2367 652 2428 1198.
704 2361 743 2427 ln
766 2365 828 2428 ista
853 2373 964 2430 autem
987 2365 1146 2449 formula,
1193 2428 1195 2435 .

109 2473 127 2514 n
149 2468 215 2536 qua
232 2460 313 2512 ante
330 2449 413 2536 poni
430 2448 576 2529 solebat,
599 2450 839 2537 coniungamus
855 2474 988 2531 necesse
1004 2464 1053 2518 est
1069 2476 1156 2521 cum¹

109 2537 232 2600 ro'mine
251 2556 311 2598 suo
328 2557 407 2621 prae
433 2534 622 2598 ositionem.
665 2535 842 2600 Dicebatur
857 2534 948 2601 'enim
963 2538 1147 2627 interposi-

108 2622 135 2685 is
150 2619 258 2685 verbis
274 2557 498 2703 numeralibus
515 2631 596 2683 ante
617 2619 674 2683 die
693 2620 794 2684 tertio
811 2620 977 2686 calendas
987 2670 997 2703 ,
1016 2633 1048 2688 et
1065 2636 1149 2709 ante
1189 2649 1191 2654 ·

109 2704 190 2771 liem
207 2704 347 2770 tertium
359 2728 481 2785 nonas,
501 2703 592 2792 quod
610 2713 669 2784 est,
687 2705 776 2769 diem
786 2707 923 2770 tertium
939 2719 1014 2771 ante
1028 2731 1145 2774 nonas.

110 2791 326 2883 nperponitur
354 2798 464 2855 autem
485 2791 614 2854 medius
637 2790 725 2855 inter
747 2789 827 2857 haec
852 2790 952 2857 verba
976 2814 1147 2867 numerus,

109 2880 132 2941 rt
146 2877 290 2941 rotunda
305 2875 363 2939 fiat
384 2875 536 2953 dictionis
547 2873 676 2941 forma.
705 2875 746 2940 In
761 2877 904 2964 antiquis
920 2876 1013 2942 libris
1032 2881 1147 2945 omni-

109 2983 155 3028 rus
171 2961 294 3048 ubique
305 2963 472 3050 seriptum
488 2960 609 3049 legitur
631 2965 670 3026 A.
693 2961 735 3027 D.
759 2965 826 3028 sive
851 2986 885 3028 a.
905 2960 961 3025 d..·
991 2966 1081 3050 quod
1102 2964 1148 3030 li-

109 3049 198 3113 rrarii
213 3048 262 3112 ad
278 3068 347 3112 esse
362 3048 532 3135 putabant.
571 3045 637 3114 vid.
663 3049 821 3114 Garaton.
849 3049 890 3113 ad
905 3048 972 3113 Cic.
989 3050 1073 3116 Phil.
1094 3057 1147 3133 10,

109 3140 149 3215 ,1.
175 3141 208 3204 et
235 3133 386 3197 nostiam
400 3136 557 3221 paginam
575 3139 647 3198 100.
663 3135 715 3197 cui
733 3134 882 3216 adiicias,
920 3155 1003 3221 quac
1024 3138 1146 3201 Parcus

109 3219 235 3286 n.Lex.
258 3220 339 3284 Crit.
363 3243 397 3306 p.
420 3225 473 3284 97.
509 3220 604 3283 Cori.
627 3220 672 3297 ad¹
692 3220 761 3283 Cic.
777 3219 884 3307 Epist.
901 3225 941 3302 2,
964 3224 1015 3286 17.
1058 3219 1147 3286 Illud

109 3326 175 3382 'ero
196 3326 296 3391 quum
316 3314 400 3368 esset
416 3316 497 3368 ante
514 3304 588 3385 die,
613 3304 720 3392 vulgo'
736 3315 848 3370 tamen
866 3330 885 3369 a
901 3306 1043 3371 librariis
1066 3306 1146 3371 ubi·
1214 3363 1219 3369 .

109 3412 159 3476 lue
175 3389 394 3476 accipiebatur
409 3413 472 3475 pro
490 3402 575 3454 ante·
586 3389 698 3454 diem:
725 3413 785 3455 nec
808 3391 921 3479 negari
944 3400 1057 3479 potest
1077 3391 1145 3455 hoc

109 3476 316 3560 ulgerium,
342 3487 376 3539 ut
392 3474 464 3538 ficri
484 3475 568 3539 solet
582 3475 616 3538 in
632 3475 683 3538 his
700 3474 874 3553 formulis,
899 3472 1146 3566 constructione

109 3563 272 3624 :oniuncta
296 3584 362 3625 csse
386 3560 483 3625 verba
513 3571 593 3644 ante
626 3560 729 3626 diem.
782 3562 868 3626 Nam
890 3561 1084 3629 Plutarchus
1108 3563 1145 3628 in

109 3647 204 3710 duma
228 3669 261 3732 p.
284 3651 337 3710 61.
358 3648 400 3711 D.
426 3646 504 3710 dicit
529 3647 673 3711 Romam
696 3647 865 3712 conditam
892 3644 949 3729 τρὸ
975 3648 1045 3712 δέκα
1075 3653 1146 3731 μιᾶς

109 3735 253 3797 ἀλανόῶν
278 3735 384 3812 putav.
415 3733 502 3795 etin
524 3732 649 3818 Poplic.
675 3756 709 3820 p.
738 3739 810 3797 101.
832 3734 881 3798 Ε.
899 3755 976 3796 cum
998 3733 1145 3819 Tarqui·
1222 3810 1226 3821 ,

109 3817 348 3906 riiepugnatum
365 3840 432 3881 esse
448 3814 506 3900 πρὸ
521 3823 590 3899 μιᾶς
606 3822 764 3882 καλανδῶν
782 3822 923 3901 papaten:
947 3818 1145 3907 sedDiony-

111 3904 161 3967 ius
178 3909 209 3966 6.
225 3905 343 3990 puro.
358 3901 480 3991 τετάρτῃ
496 3902 554 3988 πρὸ
569 3907 631 3966 τῶν
645 3907 734 3972 εἰδῶν
744 3900 934 3987 dissupatas,
946 3904 1037 3990 quod
1055 3906 1144 3992 apud

109 3991 224 4053 ‚ivium
253 3994 313 4066 39,
342 3991 402 4068 52,
422 3991 452 4052 4.
477 4013 511 4052 α.
532 3989 566 4051 d.
588 3987 648 4052 IV
670 3990 748 4052 idus
773 3988 972 4053 decembres.
1017 3991 1143 4054 Gellius

109 4074 153 4160 [ui
169 4077 207 4155 5,
232 4079 281 4138 17.
297 4073 429 4159 scripsit
444 4087 525 4138 ante
540 4074 632 4146 diem
650 4096 776 4161 quicque
799 4086 959 4160 quartum
977 4075 1143 4141 calendas
1211 4079 1212 4082 ’

109 4161 274 4227 elnonae
299 4159 351 4224 uel
376 4158 479 4251 idusp
505 4171 683 4249 tamquam
704 4159 890 4226 ominalem
913 4160 1006 4230 diem
1026 4160 1156 4249 pleri-'
