<?xml version="1.0" encoding="UTF-8"?>
<!DOCTYPE html PUBLIC "-//W3C//DTD XHTML 1.0 Transitional//EN"
    "http://www.w3.org/TR/xhtml1/DTD/xhtml1-transitional.dtd">
<html xmlns="http://www.w3.org/1999/xhtml" xml:lang="en" lang="en">
 <head>
  <title>
</title>
<meta http-equiv="Content-Type" content="text/html;charset=utf-8" />
  <meta name='ocr-system' content='tesseract 3.04.00' />
  <meta name='ocr-capabilities' content='ocr_page ocr_carea ocr_par ocr_line ocrx_word'/>
</head>
<body>
  <div class='ocr_page' id='page_1' title='image "./tursellinusseud03handgoog_0334.png"; bbox 0 0 2618 4770; ppageno 0'>
   <div class='ocr_carea' id='block_1_1' title="bbox 556 275 1111 413">
    <p class='ocr_par' dir='ltr' id='par_1_1' title="bbox 556 275 1111 413">
     <span class='ocr_line' id='line_1_1' title="bbox 556 275 1111 413; baseline 0.007 -4"><span class='ocrx_word' id='word_1_1' title='bbox 556 330 627 409; x_wconf 76' lang='lat' dir='ltr'><em>aa·</em></span> <span class='ocrx_word' id='word_1_2' title='bbox 938 275 1111 413; x_wconf 55' lang='lat' dir='ltr'><em>‘su</em></span> 
     </span>
    </p>
   </div>
   <div class='ocr_carea' id='block_1_2' title="bbox 94 480 1224 1345">
    <p class='ocr_par' dir='ltr' id='par_1_2' title="bbox 128 480 1111 721">
     <span class='ocr_line' id='line_1_2' title="bbox 128 480 1110 556; baseline 0 -14"><span class='ocrx_word' id='word_1_3' title='bbox 128 492 199 546; x_wconf 84' lang='lat' dir='ltr'><em>terit</em></span> <span class='ocrx_word' id='word_1_4' title='bbox 218 483 425 542; x_wconf 70' lang='lat' dir='ltr'><em>exhereditatus</em></span> <span class='ocrx_word' id='word_1_5' title='bbox 445 485 613 556; x_wconf 80' lang='lat' dir='ltr'><em>petieritque</em></span> <span class='ocrx_word' id='word_1_6' title='bbox 640 481 778 554; x_wconf 84' lang='lat' dir='ltr'><em>legatam,</em></span> <span class='ocrx_word' id='word_1_7' title='bbox 803 480 975 554; x_wconf 64' lang='lat' dir='ltr'><em>videbimus.</em></span> <span class='ocrx_word' id='word_1_8' title='bbox 996 503 1046 540; x_wconf 77' lang='lat' dir='ltr'><em>aa</em></span> <span class='ocrx_word' id='word_1_9' title='bbox 1072 489 1110 544; x_wconf 77' lang='lat' dir='ltr'><em>tit</em></span> 
     </span>
     <span class='ocr_line' id='line_1_3' title="bbox 128 560 1111 649; baseline -0.002 -21"><span class='ocrx_word' id='word_1_10' title='bbox 128 568 337 631; x_wconf 75' lang='lat' dir='ltr'><em>submovendos</em></span> <span class='ocrx_word' id='word_1_11' title='bbox 352 567 389 624; x_wconf 83' lang='lat' dir='ltr'><em>ab</em></span> <span class='ocrx_word' id='word_1_12' title='bbox 404 567 457 624; x_wconf 83' lang='lat' dir='ltr'><em>bac</em></span> <span class='ocrx_word' id='word_1_13' title='bbox 470 571 658 624; x_wconf 75' lang='lat' dir='ltr'><em>accusatione.</em></span> <span class='ocrx_word' id='word_1_14' title='bbox 683 567 755 637; x_wconf 79' lang='lat' dir='ltr'><em>quod</em></span> <span class='ocrx_word' id='word_1_15' title='bbox 769 584 824 621; x_wconf 90' lang='lat' dir='ltr'><em>non</em></span> <span class='ocrx_word' id='word_1_16' title='bbox 844 579 885 623; x_wconf 83' lang='lat' dir='ltr'><em>est</em></span> <span class='ocrx_word' id='word_1_17' title='bbox 903 589 942 649; x_wconf 74' lang='lat' dir='ltr'><em>arc</em></span> <span class='ocrx_word' id='word_1_18' title='bbox 961 563 1000 625; x_wconf 83' lang='lat' dir='ltr'><em>eit</em></span> <span class='ocrx_word' id='word_1_19' title='bbox 1011 560 1111 644; x_wconf 77' lang='lat' dir='ltr'><em>potiar</em></span> 
     </span>
     <span class='ocr_line' id='line_1_4' title="bbox 132 653 916 721; baseline -0.015 -7"><span class='ocrx_word' id='word_1_20' title='bbox 132 653 348 716; x_wconf 74' lang='lat' dir='ltr'><em>submovendus·</em></span> <span class='ocrx_word' id='word_1_21' title='bbox 470 704 472 709; x_wconf 81' lang='grc'><strong>,</strong></span> <span class='ocrx_word' id='word_1_22' title='bbox 913 716 916 721; x_wconf 85' lang='lat'><em>.</em></span> 
     </span>
    </p>

    <p class='ocr_par' dir='ltr' id='par_1_3' title="bbox 132 729 1195 1149">
     <span class='ocr_line' id='line_1_5' title="bbox 168 729 1195 810; baseline 0.002 -15"><span class='ocrx_word' id='word_1_23' title='bbox 168 729 261 796; x_wconf 73' lang='lat' dir='ltr'><em>Senio.</em></span> <span class='ocrx_word' id='word_1_24' title='bbox 277 743 327 810; x_wconf 87' lang='lat' dir='ltr'><em>Ep.</em></span> <span class='ocrx_word' id='word_1_25' title='bbox 342 737 402 795; x_wconf 80' lang='lat'><em>113.</em></span> <span class='ocrx_word' id='word_1_26' title='bbox 417 736 484 792; x_wconf 88' lang='lat' dir='ltr'><em>doce</em></span> <span class='ocrx_word' id='word_1_27' title='bbox 499 755 557 804; x_wconf 85' lang='lat' dir='ltr'><em>me,</em></span> <span class='ocrx_word' id='word_1_28' title='bbox 574 743 631 792; x_wconf 79' lang='lat' dir='ltr'><em>&#39;riou</em></span> <span class='ocrx_word' id='word_1_29' title='bbox 647 731 841 807; x_wconf 79' lang='lat' dir='ltr'><em>anfortitudo</em></span> <span class='ocrx_word' id='word_1_30' title='bbox 861 738 969 794; x_wconf 81' lang='lat' dir='ltr'><em>animal</em></span> <span class='ocrx_word' id='word_1_31' title='bbox 984 744 1041 806; x_wconf 82' lang='lat' dir='ltr'><em>eit,</em></span> <span class='ocrx_word' id='word_1_32' title='bbox 1059 742 1112 798; x_wconf 81' lang='lat' dir='ltr'><em>aed</em></span> <span class='ocrx_word' id='word_1_33' title='bbox 1194 779 1195 782; x_wconf 58' lang='lat'><em>=</em></span> 
     </span>
     <span class='ocr_line' id='line_1_6' title="bbox 132 814 1112 896; baseline -0.006 -14"><span class='ocrx_word' id='word_1_34' title='bbox 132 825 244 882; x_wconf 78' lang='lat' dir='ltr'><em>uallum</em></span> <span class='ocrx_word' id='word_1_35' title='bbox 266 823 374 880; x_wconf 81' lang='lat' dir='ltr'><em>animal</em></span> <span class='ocrx_word' id='word_1_36' title='bbox 392 817 475 894; x_wconf 74' lang='lat' dir='ltr'><em>felix</em></span> <span class='ocrx_word' id='word_1_37' title='bbox 497 841 558 878; x_wconf 81' lang='lat' dir='ltr'><em>esse</em></span> <span class='ocrx_word' id='word_1_38' title='bbox 579 827 638 879; x_wconf 85' lang='lat' dir='ltr'><em>siue</em></span> <span class='ocrx_word' id='word_1_39' title='bbox 648 817 834 892; x_wconf 77' lang='lat' dir='ltr'><em>fortitudine.</em></span> <span class='ocrx_word' id='word_1_40' title='bbox 868 814 994 886; x_wconf 67' lang='lat' dir='ltr'><em>Quinctii</em></span> <span class='ocrx_word' id='word_1_41' title='bbox 1011 825 1044 890; x_wconf 87' lang='grc'><em>5,</em></span> <span class='ocrx_word' id='word_1_42' title='bbox 1067 826 1112 896; x_wconf 87' lang='lat'><em>1⁰,</em></span> 
     </span>
     <span class='ocr_line' id='line_1_7' title="bbox 134 900 1111 990; baseline 0.002 -25"><span class='ocrx_word' id='word_1_43' title='bbox 134 900 177 967; x_wconf 79' lang='grc'><strong>68.</strong></span> <span class='ocrx_word' id='word_1_44' title='bbox 196 914 252 967; x_wconf 86' lang='lat' dir='ltr'><em>tria</em></span> <span class='ocrx_word' id='word_1_45' title='bbox 263 914 323 966; x_wconf 82' lang='lat' dir='ltr'><em>siue</em></span> <span class='ocrx_word' id='word_1_46' title='bbox 342 907 428 963; x_wconf 85' lang='lat' dir='ltr'><em>dubio</em></span> <span class='ocrx_word' id='word_1_47' title='bbox 443 925 537 963; x_wconf 80' lang='lat' dir='ltr'><em>rursus</em></span> <span class='ocrx_word' id='word_1_48' title='bbox 554 907 712 990; x_wconf 79' lang='lat' dir='ltr'><em>¹spectanda</em></span> <span class='ocrx_word' id='word_1_49' title='bbox 733 915 816 959; x_wconf 80' lang='lat' dir='ltr'><em>suar.-</em></span> <span class='ocrx_word' id='word_1_50' title='bbox 839 925 877 958; x_wconf 83' lang='lat' dir='ltr'><em>au</em></span> <span class='ocrx_word' id='word_1_51' title='bbox 897 901 954 974; x_wconf 74' lang='lat' dir='ltr'><em>rit,¹</em></span> <span class='ocrx_word' id='word_1_52' title='bbox 963 904 1042 984; x_wconf 72' lang='grc' dir='ltr'><em>Ι’ᾳιιίἰί</em></span> <span class='ocrx_word' id='word_1_53' title='bbox 1062 913 1111 978; x_wconf 73' lang='lat' dir='ltr'><em>sit,</em></span> 
     </span>
     <span class='ocr_line' id='line_1_8' title="bbox 136 980 1114 1072; baseline 0.001 -21"><span class='ocrx_word' id='word_1_54' title='bbox 136 995 220 1072; x_wconf 74' lang='lat' dir='ltr'><em>quale</em></span> <span class='ocrx_word' id='word_1_55' title='bbox 236 997 282 1050; x_wconf 84' lang='lat' dir='ltr'><em>sit.</em></span> <span class='ocrx_word' id='word_1_56' title='bbox 316 993 384 1045; x_wconf 83' lang='lat' dir='ltr'><em>Ptin.</em></span> <span class='ocrx_word' id='word_1_57' title='bbox 405 995 454 1063; x_wconf 85' lang='lat' dir='ltr'><em>Ep.</em></span> <span class='ocrx_word' id='word_1_58' title='bbox 468 991 501 1057; x_wconf 89' lang='lat'><em>8,</em></span> <span class='ocrx_word' id='word_1_59' title='bbox 521 992 570 1057; x_wconf 83' lang='lat'><em>14,</em></span> <span class='ocrx_word' id='word_1_60' title='bbox 586 991 631 1044; x_wconf 82' lang='lat'><em>24.</em></span> <span class='ocrx_word' id='word_1_61' title='bbox 655 1012 738 1068; x_wconf 78' lang='lat' dir='ltr'><em>quoru</em></span> <span class='ocrx_word' id='word_1_62' title='bbox 760 990 865 1046; x_wconf 75' lang='lat' dir='ltr'><em>discere</em></span> <span class='ocrx_word' id='word_1_63' title='bbox 878 980 982 1063; x_wconf 70' lang='lat' dir='ltr'><em>uilici,</em></span> <span class='ocrx_word' id='word_1_64' title='bbox 993 1015 1032 1050; x_wconf 87' lang='lat' dir='ltr'><em>aa</em></span> <span class='ocrx_word' id='word_1_65' title='bbox 1051 1014 1114 1052; x_wconf 83' lang='lat' dir='ltr'><em>sen·</em></span> 
     </span>
     <span class='ocr_line' id='line_1_9' title="bbox 138 1073 1012 1149; baseline -0.003 -15"><span class='ocrx_word' id='word_1_66' title='bbox 138 1082 243 1139; x_wconf 79' lang='lat' dir='ltr'><em>tertias</em></span> <span class='ocrx_word' id='word_1_67' title='bbox 260 1077 366 1139; x_wconf 78' lang='lat' dir='ltr'><em>dividi,</em></span> <span class='ocrx_word' id='word_1_68' title='bbox 383 1097 421 1130; x_wconf 87' lang='lat' dir='ltr'><em>arc</em></span> <span class='ocrx_word' id='word_1_69' title='bbox 438 1078 474 1131; x_wconf 88' lang='lat' dir='ltr'><em>iri</em></span> <span class='ocrx_word' id='word_1_70' title='bbox 490 1081 520 1132; x_wconf 83' lang='lat' dir='ltr'><em>in</em></span> <span class='ocrx_word' id='word_1_71' title='bbox 536 1077 662 1149; x_wconf 77' lang='lat' dir='ltr'><em>singulas</em></span> <span class='ocrx_word' id='word_1_72' title='bbox 678 1079 843 1147; x_wconf 73' lang='lat' dir='ltr'><em>oportuerit.</em></span> <span class='ocrx_word' id='word_1_73' title='bbox 1009 1073 1012 1080; x_wconf 71' lang='grc'><strong>’</strong></span> 
     </span>
    </p>

    <p class='ocr_par' dir='ltr' id='par_1_4' title="bbox 155 1152 1224 1252">
     <span class='ocr_line' id='line_1_10' title="bbox 155 1152 1224 1252; baseline 0.002 -23"><span class='ocrx_word' id='word_1_74' title='bbox 155 1167 187 1229; x_wconf 88' lang='grc'><strong>8.</strong></span> <span class='ocrx_word' id='word_1_75' title='bbox 219 1164 272 1228; x_wconf 81' lang='grc' dir='ltr'><em>ΑΝ</em></span> <span class='ocrx_word' id='word_1_76' title='bbox 289 1163 325 1226; x_wconf 91' lang='lat' dir='ltr'><em>in</em></span> <span class='ocrx_word' id='word_1_77' title='bbox 348 1163 508 1226; x_wconf 84' lang='lat' dir='ltr'><em>sententia</em></span> <span class='ocrx_word' id='word_1_78' title='bbox 529 1161 707 1225; x_wconf 84' lang='lat' dir='ltr'><em>dubitativa</em></span> <span class='ocrx_word' id='word_1_79' title='bbox 730 1161 825 1226; x_wconf 87' lang='lat' dir='ltr'><em>alteri</em></span> <span class='ocrx_word' id='word_1_80' title='bbox 842 1161 1007 1232; x_wconf 83' lang='lat' dir='ltr'><em>secundae</em></span> <span class='ocrx_word' id='word_1_81' title='bbox 1025 1165 1115 1252; x_wconf 81' lang='lat' dir='ltr'><em>parti</em></span> <span class='ocrx_word' id='word_1_82' title='bbox 1219 1152 1224 1167; x_wconf 73' lang='lat'><em>.</em></span> 
     </span>
    </p>

    <p class='ocr_par' dir='ltr' id='par_1_5' title="bbox 94 1247 1113 1345">
     <span class='ocr_line' id='line_1_11' title="bbox 94 1247 1113 1345; baseline 0 -31"><span class='ocrx_word' id='word_1_83' title='bbox 94 1248 249 1345; x_wconf 64' lang='lat' dir='ltr'><em>rraeponi3</em></span> <span class='ocrx_word' id='word_1_84' title='bbox 269 1247 303 1312; x_wconf 90' lang='lat' dir='ltr'><em>id</em></span> <span class='ocrx_word' id='word_1_85' title='bbox 319 1247 389 1334; x_wconf 88' lang='lat' dir='ltr'><em>ipsa</em></span> <span class='ocrx_word' id='word_1_86' title='bbox 410 1247 477 1311; x_wconf 91' lang='lat' dir='ltr'><em>eius</em></span> <span class='ocrx_word' id='word_1_87' title='bbox 498 1254 615 1310; x_wconf 87' lang='lat' dir='ltr'><em>natura</em></span> <span class='ocrx_word' id='word_1_88' title='bbox 637 1255 814 1311; x_wconf 88' lang='lat' dir='ltr'><em>monstrat.</em></span> <span class='ocrx_word' id='word_1_89' title='bbox 857 1249 1011 1313; x_wconf 81' lang='lat' dir='ltr'><em>Attamen</em></span> <span class='ocrx_word' id='word_1_90' title='bbox 1035 1247 1113 1314; x_wconf 87' lang='lat' dir='ltr'><em>fue-</em></span> 
     </span>
    </p>
   </div>
   <div class='ocr_carea' id='block_1_3' title="bbox 94 1329 1229 1420">
    <p class='ocr_par' dir='ltr' id='par_1_6' title="bbox 94 1329 1229 1420">
     <span class='ocr_line' id='line_1_12' title="bbox 94 1329 1229 1420; baseline -0.001 -22"><span class='ocrx_word' id='word_1_91' title='bbox 94 1342 166 1416; x_wconf 85' lang='lat' dir='ltr'><em>unt,</em></span> <span class='ocrx_word' id='word_1_92' title='bbox 187 1354 242 1420; x_wconf 84' lang='lat' dir='ltr'><em>qur</em></span> <span class='ocrx_word' id='word_1_93' title='bbox 263 1354 311 1396; x_wconf 84' lang='lat' dir='ltr'><em>on</em></span> <span class='ocrx_word' id='word_1_94' title='bbox 324 1368 365 1382; x_wconf 89' lang='lat'><em>-</em></span> <span class='ocrx_word' id='word_1_95' title='bbox 383 1354 431 1396; x_wconf 84' lang='lat' dir='ltr'><em>ou</em></span> <span class='ocrx_word' id='word_1_96' title='bbox 454 1331 616 1395; x_wconf 90' lang='lat' dir='ltr'><em>ambobus</em></span> <span class='ocrx_word' id='word_1_97' title='bbox 637 1331 796 1396; x_wconf 85' lang='lat' dir='ltr'><strong>membris</strong></span> <span class='ocrx_word' id='word_1_98' title='bbox 819 1329 894 1398; x_wconf 84' lang='lat' dir='ltr'><em>addi</em></span> <span class='ocrx_word' id='word_1_99' title='bbox 907 1354 1007 1420; x_wconf 88' lang='lat' dir='ltr'><em>posse</em></span> <span class='ocrx_word' id='word_1_100' title='bbox 1028 1356 1114 1399; x_wconf 91' lang='lat' dir='ltr'><em>con·</em></span> <span class='ocrx_word' id='word_1_101' title='bbox 1168 1402 1171 1407; x_wconf 8' lang='grc' dir='ltr'>ξ</span> <span class='ocrx_word' id='word_1_102' title='bbox 1223 1371 1229 1379; x_wconf 50' lang='lat'><em>⁴</em></span> 
     </span>
    </p>
   </div>
   <div class='ocr_carea' id='block_1_4' title="bbox 94 1416 1115 1677">
    <p class='ocr_par' dir='ltr' id='par_1_7' title="bbox 94 1416 1115 1677">
     <span class='ocr_line' id='line_1_13' title="bbox 94 1416 1115 1508; baseline 0 -23"><span class='ocrx_word' id='word_1_103' title='bbox 94 1420 239 1485; x_wconf 80' lang='lat' dir='ltr'><em>raderent:</em></span> <span class='ocrx_word' id='word_1_104' title='bbox 257 1416 313 1484; x_wconf 88' lang='lat' dir='ltr'><em>alii</em></span> <span class='ocrx_word' id='word_1_105' title='bbox 324 1439 404 1483; x_wconf 76' lang='lat' dir='ltr'><em>raro</em></span> <span class='ocrx_word' id='word_1_106' title='bbox 422 1440 470 1481; x_wconf 84' lang='lat' dir='ltr'><em>on</em></span> <span class='ocrx_word' id='word_1_107' title='bbox 483 1452 526 1466; x_wconf 91' lang='lat'>-</span> <span class='ocrx_word' id='word_1_108' title='bbox 542 1440 590 1480; x_wconf 83' lang='lat' dir='ltr'><em>ou</em></span> <span class='ocrx_word' id='word_1_109' title='bbox 604 1439 666 1504; x_wconf 89' lang='lat' dir='ltr'><em>pro</em></span> <span class='ocrx_word' id='word_1_110' title='bbox 683 1428 798 1481; x_wconf 80' lang='lat' dir='ltr'><em>utrum</em></span> <span class='ocrx_word' id='word_1_111' title='bbox 811 1453 855 1466; x_wconf 88' lang='lat'>—</span> <span class='ocrx_word' id='word_1_112' title='bbox 871 1439 920 1503; x_wconf 76' lang='lat' dir='ltr'><em>occ</em></span> <span class='ocrx_word' id='word_1_113' title='bbox 935 1440 953 1481; x_wconf 88' lang='lat' dir='ltr'><em>a</em></span> <span class='ocrx_word' id='word_1_114' title='bbox 968 1419 1115 1508; x_wconf 88' lang='lat' dir='ltr'><em>scripto-</em></span> 
     </span>
     <span class='ocr_line' id='line_1_14' title="bbox 94 1501 1113 1581; baseline 0.001 -12"><span class='ocrx_word' id='word_1_115' title='bbox 94 1504 162 1569; x_wconf 80' lang='lat' dir='ltr'>ribus</span> <span class='ocrx_word' id='word_1_116' title='bbox 180 1526 296 1568; x_wconf 87' lang='lat' dir='ltr'><em>aureae</em></span> <span class='ocrx_word' id='word_1_117' title='bbox 310 1503 422 1568; x_wconf 87' lang='lat' dir='ltr'><em>aetatis</em></span> <span class='ocrx_word' id='word_1_118' title='bbox 439 1503 563 1566; x_wconf 88' lang='lat' dir='ltr'><em>dietum</em></span> <span class='ocrx_word' id='word_1_119' title='bbox 581 1525 649 1567; x_wconf 88' lang='lat' dir='ltr'><em>esse</em></span> <span class='ocrx_word' id='word_1_120' title='bbox 663 1524 734 1565; x_wconf 91' lang='lat' dir='ltr'><em>non</em></span> <span class='ocrx_word' id='word_1_121' title='bbox 748 1501 911 1581; x_wconf 70' lang='lat' dir='ltr'><em>audebant</em></span> <span class='ocrx_word' id='word_1_122' title='bbox 933 1501 1113 1570; x_wconf 89' lang='lat' dir='ltr'><em>affirmare.</em></span> 
     </span>
     <span class='ocr_line' id='line_1_15' title="bbox 94 1585 1115 1677; baseline 0 -22"><span class='ocrx_word' id='word_1_123' title='bbox 94 1588 291 1655; x_wconf 82' lang='lat' dir='ltr'><em>Ruhnkenius</em></span> <span class='ocrx_word' id='word_1_124' title='bbox 307 1590 341 1652; x_wconf 92' lang='lat' dir='ltr'><em>in</em></span> <span class='ocrx_word' id='word_1_125' title='bbox 356 1587 443 1652; x_wconf 87' lang='lat' dir='ltr'><em>notis</em></span> <span class='ocrx_word' id='word_1_126' title='bbox 463 1587 503 1651; x_wconf 88' lang='lat' dir='ltr'><em>ad</em></span> <span class='ocrx_word' id='word_1_127' title='bbox 512 1585 633 1652; x_wconf 83' lang='lat' dir='ltr'><em>Mureti</em></span> <span class='ocrx_word' id='word_1_128' title='bbox 643 1587 765 1674; x_wconf 85' lang='lat' dir='ltr'><em>Script.</em></span> <span class='ocrx_word' id='word_1_129' title='bbox 777 1586 820 1650; x_wconf 89' lang='lat' dir='ltr'><em>T.</em></span> <span class='ocrx_word' id='word_1_130' title='bbox 830 1592 861 1651; x_wconf 88' lang='grc'><strong>2</strong></span> <span class='ocrx_word' id='word_1_131' title='bbox 883 1610 917 1674; x_wconf 91' lang='lat' dir='ltr'><em>p.</em></span> <span class='ocrx_word' id='word_1_132' title='bbox 927 1587 1000 1653; x_wconf 80' lang='grc'><strong>742.</strong></span> <span class='ocrx_word' id='word_1_133' title='bbox 1011 1611 1115 1677; x_wconf 85' lang='lat' dir='ltr'><em>nega·</em></span> 
     </span>
    </p>
   </div>
   <div class='ocr_carea' id='block_1_5' title="bbox 94 1670 1217 1750">
    <p class='ocr_par' dir='ltr' id='par_1_8' title="bbox 94 1670 1217 1750">
     <span class='ocr_line' id='line_1_16' title="bbox 94 1670 1217 1750; baseline -0.005 -11"><span class='ocrx_word' id='word_1_134' title='bbox 94 1674 135 1741; x_wconf 88' lang='lat' dir='ltr'><em>bat</em></span> <span class='ocrx_word' id='word_1_135' title='bbox 148 1675 294 1738; x_wconf 85' lang='lat' dir='ltr'><em>omnine.</em></span> <span class='ocrx_word' id='word_1_136' title='bbox 336 1670 578 1738; x_wconf 75' lang='lat' dir='ltr'><em>viavorstius</em></span> <span class='ocrx_word' id='word_1_137' title='bbox 597 1672 638 1735; x_wconf 91' lang='lat' dir='ltr'><em>ad</em></span> <span class='ocrx_word' id='word_1_138' title='bbox 653 1671 762 1737; x_wconf 88' lang='lat' dir='ltr'><em>Valer.</em></span> <span class='ocrx_word' id='word_1_139' title='bbox 777 1671 867 1737; x_wconf 83' lang='lat' dir='ltr'><em>Max.</em></span> <span class='ocrx_word' id='word_1_140' title='bbox 884 1676 917 1750; x_wconf 82' lang='lat'><em>7,</em></span> <span class='ocrx_word' id='word_1_141' title='bbox 940 1677 972 1736; x_wconf 90' lang='grc'><strong>2’.</strong></span> <span class='ocrx_word' id='word_1_142' title='bbox 996 1672 1115 1741; x_wconf 64' lang='lat' dir='ltr'><em>Exta.</em></span> <span class='ocrx_word' id='word_1_143' title='bbox 1214 1729 1217 1733; x_wconf 89' lang='lat'><em>.</em></span> 
     </span>
    </p>
   </div>
   <div class='ocr_carea' id='block_1_6' title="bbox 91 1753 1207 3722">
    <p class='ocr_par' dir='ltr' id='par_1_9' title="bbox 93 1753 1207 2016">
     <span class='ocr_line' id='line_1_17' title="bbox 94 1753 1116 1845; baseline -0.002 -19"><span class='ocrx_word' id='word_1_144' title='bbox 94 1759 202 1827; x_wconf 74' lang='lat' dir='ltr'><em>Bellerii</em></span> <span class='ocrx_word' id='word_1_145' title='bbox 216 1757 387 1824; x_wconf 71' lang='lat' dir='ltr'><em>Antibarb&#39;.</em></span> <span class='ocrx_word' id='word_1_146' title='bbox 406 1781 442 1845; x_wconf 87' lang='lat' dir='ltr'><em>p.</em></span> <span class='ocrx_word' id='word_1_147' title='bbox 458 1762 533 1822; x_wconf 88' lang='grc'><strong>209.</strong></span> <span class='ocrx_word' id='word_1_148' title='bbox 555 1766 586 1820; x_wconf 86' lang='lat' dir='ltr'><em>et</em></span> <span class='ocrx_word' id='word_1_149' title='bbox 597 1759 802 1845; x_wconf 83' lang='lat' dir='ltr'><em>Curaepost.</em></span> <span class='ocrx_word' id='word_1_150' title='bbox 818 1779 853 1845; x_wconf 88' lang='lat' dir='ltr'><em>p.</em></span> <span class='ocrx_word' id='word_1_151' title='bbox 864 1756 947 1842; x_wconf 75' lang='lat'><em>143.</em></span> <span class='ocrx_word' id='word_1_152' title='bbox 959 1753 1016 1845; x_wconf 90' lang='lat' dir='ltr'><em>ubi</em></span> <span class='ocrx_word' id='word_1_153' title='bbox 1032 1756 1116 1844; x_wconf 79' lang='lat' dir='ltr'><em>quae</em></span> 
     </span>
     <span class='ocr_line' id='line_1_18' title="bbox 94 1842 1207 1934; baseline 0 -24"><span class='ocrx_word' id='word_1_154' title='bbox 94 1845 224 1934; x_wconf 79' lang='lat' dir='ltr'><em>exempla</em></span> <span class='ocrx_word' id='word_1_155' title='bbox 253 1843 452 1919; x_wconf 89' lang='lat' dir='ltr'><em>afferuntur,</em></span> <span class='ocrx_word' id='word_1_156' title='bbox 481 1843 608 1928; x_wconf 85' lang='lat' dir='ltr'><em>egregie</em></span> <span class='ocrx_word' id='word_1_157' title='bbox 639 1853 813 1930; x_wconf 80' lang='lat' dir='ltr'><em>percenset</em></span> <span class='ocrx_word' id='word_1_158' title='bbox 835 1842 1056 1930; x_wconf 85' lang='lat' dir='ltr'><em>Heusingerus</em></span> <span class='ocrx_word' id='word_1_159' title='bbox 1078 1843 1117 1910; x_wconf 90' lang='lat' dir='ltr'><em>in</em></span> <span class='ocrx_word' id='word_1_160' title='bbox 1170 1894 1172 1899; x_wconf 85' lang='lat'><em>-</em></span> <span class='ocrx_word' id='word_1_161' title='bbox 1200 1897 1207 1917; x_wconf 77' lang='grc'><strong>,</strong></span> 
     </span>
     <span class='ocr_line' id='line_1_19' title="bbox 93 1926 1177 2016; baseline 0 -21"><span class='ocrx_word' id='word_1_162' title='bbox 93 1928 210 1995; x_wconf 84' lang='lat' dir='ltr'><em>Obaerv.</em></span> <span class='ocrx_word' id='word_1_163' title='bbox 233 1928 395 1994; x_wconf 78' lang='lat' dir='ltr'><em>antibarb.</em></span> <span class='ocrx_word' id='word_1_164' title='bbox 413 1953 448 2016; x_wconf 85' lang='lat' dir='ltr'><em>p.</em></span> <span class='ocrx_word' id='word_1_165' title='bbox 466 1930 540 1993; x_wconf 86' lang='grc'><strong>458.</strong></span> <span class='ocrx_word' id='word_1_166' title='bbox 553 1927 605 1992; x_wconf 85' lang='lat' dir='ltr'><em>his</em></span> <span class='ocrx_word' id='word_1_167' title='bbox 629 1926 752 1994; x_wconf 80' lang='lat' dir='ltr'><em>verbis:</em></span> <span class='ocrx_word' id='word_1_168' title='bbox 780 1927 899 2010; x_wconf 85' lang='lat' dir='ltr'><em>„Plinii</em></span> <span class='ocrx_word' id='word_1_169' title='bbox 912 1927 1036 2010; x_wconf 87' lang='lat' dir='ltr'><em>locum,</em></span> <span class='ocrx_word' id='word_1_170' title='bbox 1056 1930 1116 2016; x_wconf 86' lang='lat' dir='ltr'><em>qui</em></span> <span class='ocrx_word' id='word_1_171' title='bbox 1172 1995 1177 2005; x_wconf 67' lang='grc'><strong>,</strong></span> 
     </span>
    </p>

    <p class='ocr_par' dir='ltr' id='par_1_10' title="bbox 91 2012 1192 3722">
     <span class='ocr_line' id='line_1_20' title="bbox 93 2012 1116 2103; baseline 0.001 -25"><span class='ocrx_word' id='word_1_172' title='bbox 93 2013 314 2103; x_wconf 82' lang='lat' dir='ltr'><em>inexemplum</em></span> <span class='ocrx_word' id='word_1_173' title='bbox 331 2014 524 2078; x_wconf 86' lang='lat' dir='ltr'><em>afferebatur</em></span> <span class='ocrx_word' id='word_1_174' title='bbox 538 2035 581 2078; x_wconf 81' lang='lat' dir='ltr'><em>ex</em></span> <span class='ocrx_word' id='word_1_175' title='bbox 594 2013 653 2078; x_wconf 88' lang='lat' dir='ltr'><em>lib.</em></span> <span class='ocrx_word' id='word_1_176' title='bbox 669 2017 700 2079; x_wconf 86' lang='lat'><em>8.</em></span> <span class='ocrx_word' id='word_1_177' title='bbox 719 2012 820 2101; x_wconf 80' lang='lat' dir='ltr'><em>epist.</em></span> <span class='ocrx_word' id='word_1_178' title='bbox 834 2013 897 2089; x_wconf 75' lang='lat'><em>14.</em></span> <span class='ocrx_word' id='word_1_179' title='bbox 913 2036 931 2077; x_wconf 91' lang='lat' dir='ltr'><em>a</em></span> <span class='ocrx_word' id='word_1_180' title='bbox 948 2013 1063 2079; x_wconf 88' lang='lat' dir='ltr'><em>Cortio</em></span> <span class='ocrx_word' id='word_1_181' title='bbox 1081 2024 1116 2079; x_wconf 88' lang='lat' dir='ltr'><em>et</em></span> 
     </span>
     <span class='ocr_line' id='line_1_21' title="bbox 93 2097 1117 2187; baseline 0.002 -23"><span class='ocrx_word' id='word_1_182' title='bbox 93 2100 219 2167; x_wconf 80' lang='lat' dir='ltr'><em>Gesnero</em></span> <span class='ocrx_word' id='word_1_183' title='bbox 236 2100 303 2164; x_wconf 90' lang='lat' dir='ltr'><em>iam</em></span> <span class='ocrx_word' id='word_1_184' title='bbox 317 2099 437 2163; x_wconf 90' lang='lat' dir='ltr'><em>rectius</em></span> <span class='ocrx_word' id='word_1_185' title='bbox 450 2097 647 2187; x_wconf 85' lang='lat' dir='ltr'><em>explicatum</em></span> <span class='ocrx_word' id='word_1_186' title='bbox 663 2099 759 2165; x_wconf 84' lang='lat' dir='ltr'><em>video</em></span> <span class='ocrx_word' id='word_1_187' title='bbox 776 2099 890 2185; x_wconf 86' lang='lat' dir='ltr'><em>[quum</em></span> <span class='ocrx_word' id='word_1_188' title='bbox 911 2097 1041 2164; x_wconf 72' lang='lat' dir='ltr'><em>discere</em></span> <span class='ocrx_word' id='word_1_189' title='bbox 1057 2122 1117 2166; x_wconf 84' lang='lat' dir='ltr'><em>oe-</em></span> 
     </span>
     <span class='ocr_line' id='line_1_22' title="bbox 93 2182 1116 2271; baseline 0.001 -21"><span class='ocrx_word' id='word_1_190' title='bbox 93 2182 152 2268; x_wconf 77' lang='lat' dir='ltr'><em>im,</em></span> <span class='ocrx_word' id='word_1_191' title='bbox 175 2210 224 2250; x_wconf 82' lang='lat' dir='ltr'><em>occ</em></span> <span class='ocrx_word' id='word_1_192' title='bbox 241 2185 426 2250; x_wconf 80' lang='lat' dir='ltr'><em>sententias</em></span> <span class='ocrx_word' id='word_1_193' title='bbox 443 2183 570 2266; x_wconf 75' lang='lat' dir='ltr'><em>dictati,</em></span> <span class='ocrx_word' id='word_1_194' title='bbox 596 2207 644 2263; x_wconf 80' lang='lat' dir='ltr'><em>ou</em></span> <span class='ocrx_word' id='word_1_195' title='bbox 663 2184 710 2249; x_wconf 83' lang='lat' dir='ltr'><em>iri</em></span> <span class='ocrx_word' id='word_1_196' title='bbox 726 2185 762 2248; x_wconf 85' lang='lat' dir='ltr'><em>iu</em></span> <span class='ocrx_word' id='word_1_197' title='bbox 781 2183 939 2271; x_wconf 79' lang='lat' dir='ltr'><em>cingulos</em></span> <span class='ocrx_word' id='word_1_198' title='bbox 954 2197 1116 2271; x_wconf 83' lang='lat' dir='ltr'><em>oportue-</em></span> 
     </span>
     <span class='ocr_line' id='line_1_23' title="bbox 93 2268 1118 2358; baseline 0.001 -23"><span class='ocrx_word' id='word_1_199' title='bbox 93 2272 133 2337; x_wconf 74' lang='lat' dir='ltr'><em>c&#39;t.</em></span> <span class='ocrx_word' id='word_1_200' title='bbox 153 2272 210 2335; x_wconf 89' lang='lat' dir='ltr'><em>ubi</em></span> <span class='ocrx_word' id='word_1_201' title='bbox 219 2271 384 2335; x_wconf 88' lang='lat' dir='ltr'><em>Gesnerus</em></span> <span class='ocrx_word' id='word_1_202' title='bbox 400 2293 448 2333; x_wconf 83' lang='lat' dir='ltr'><em>on</em></span> <span class='ocrx_word' id='word_1_203' title='bbox 461 2292 523 2356; x_wconf 90' lang='lat' dir='ltr'><em>per</em></span> <span class='ocrx_word' id='word_1_204' title='bbox 538 2268 743 2357; x_wconf 88' lang='lat' dir='ltr'><em>anaphoram</em></span> <span class='ocrx_word' id='word_1_205' title='bbox 756 2278 821 2357; x_wconf 86' lang='lat' dir='ltr'><em>pro</em></span> <span class='ocrx_word' id='word_1_206' title='bbox 837 2281 870 2334; x_wconf 86' lang='lat' dir='ltr'><em>et</em></span> <span class='ocrx_word' id='word_1_207' title='bbox 883 2270 1031 2358; x_wconf 80' lang='lat' dir='ltr'><em>positum</em></span> <span class='ocrx_word' id='word_1_208' title='bbox 1047 2291 1118 2336; x_wconf 85' lang='lat' dir='ltr'><em>esse</em></span> 
     </span>
     <span class='ocr_line' id='line_1_24' title="bbox 93 2351 1117 2442; baseline 0 -21"><span class='ocrx_word' id='word_1_209' title='bbox 93 2353 169 2436; x_wconf 79' lang='lat' dir='ltr'><em>licit,</em></span> <span class='ocrx_word' id='word_1_210' title='bbox 205 2356 337 2420; x_wconf 82' lang='lat' dir='ltr'><em>Curtius</em></span> <span class='ocrx_word' id='word_1_211' title='bbox 366 2351 575 2419; x_wconf 88' lang='lat' dir='ltr'><em>scribendum</em></span> <span class='ocrx_word' id='word_1_212' title='bbox 605 2366 714 2419; x_wconf 89' lang='lat' dir='ltr'><em>censet</em></span> <span class='ocrx_word' id='word_1_213' title='bbox 743 2355 817 2440; x_wconf 85' lang='lat' dir='ltr'><em>oc]:</em></span> <span class='ocrx_word' id='word_1_214' title='bbox 863 2355 977 2442; x_wconf 85' lang='lat' dir='ltr'><em>quiet</em></span> <span class='ocrx_word' id='word_1_215' title='bbox 1001 2355 1117 2434; x_wconf 85' lang='lat' dir='ltr'><em>alium,</em></span> 
     </span>
     <span class='ocr_line' id='line_1_25' title="bbox 93 2439 1192 2529; baseline 0.001 -23"><span class='ocrx_word' id='word_1_216' title='bbox 93 2463 172 2528; x_wconf 76' lang='lat' dir='ltr'><em>[uem</em></span> <span class='ocrx_word' id='word_1_217' title='bbox 188 2441 346 2506; x_wconf 87' lang='lat' dir='ltr'><em>Cellarius</em></span> <span class='ocrx_word' id='word_1_218' title='bbox 361 2461 432 2504; x_wconf 88' lang='lat' dir='ltr'><em>uon</em></span> <span class='ocrx_word' id='word_1_219' title='bbox 454 2450 663 2504; x_wconf 86' lang='lat' dir='ltr'><em>annotaverat</em></span> <span class='ocrx_word' id='word_1_220' title='bbox 680 2439 750 2525; x_wconf 89' lang='lat' dir='ltr'><em>[sed</em></span> <span class='ocrx_word' id='word_1_221' title='bbox 767 2440 832 2505; x_wconf 87' lang='lat' dir='ltr'><em>vid.</em></span> <span class='ocrx_word' id='word_1_222' title='bbox 849 2440 958 2504; x_wconf 81' lang='lat' dir='ltr'><em>Antib.</em></span> <span class='ocrx_word' id='word_1_223' title='bbox 973 2462 1008 2527; x_wconf 90' lang='lat' dir='ltr'><em>p.</em></span> <span class='ocrx_word' id='word_1_224' title='bbox 1025 2445 1119 2529; x_wconf 69' lang='grc'><strong>202]</strong></span> <span class='ocrx_word' id='word_1_225' title='bbox 1188 2441 1192 2452; x_wconf 76' lang='lat'><em>&#39;</em></span> 
     </span>
     <span class='ocr_line' id='line_1_26' title="bbox 93 2522 1119 2614; baseline -0.001 -22"><span class='ocrx_word' id='word_1_226' title='bbox 93 2551 117 2592; x_wconf 79' lang='lat' dir='ltr'><em>ar</em></span> <span class='ocrx_word' id='word_1_227' title='bbox 131 2527 189 2592; x_wconf 91' lang='lat' dir='ltr'><em>lib.</em></span> <span class='ocrx_word' id='word_1_228' title='bbox 205 2532 238 2592; x_wconf 87' lang='grc'><em>6.</em></span> <span class='ocrx_word' id='word_1_229' title='bbox 261 2550 277 2592; x_wconf 92' lang='lat' dir='ltr'><em>e</em></span> <span class='ocrx_word' id='word_1_230' title='bbox 306 2572 315 2588; x_wconf 89' lang='lat'><em>.</em></span> <span class='ocrx_word' id='word_1_231' title='bbox 334 2530 392 2606; x_wconf 87' lang='grc'><em>16,</em></span> <span class='ocrx_word' id='word_1_232' title='bbox 417 2527 468 2590; x_wconf 88' lang='grc'><em>15.</em></span> <span class='ocrx_word' id='word_1_233' title='bbox 481 2525 571 2591; x_wconf 71' lang='lat' dir='ltr'><em>&#39;vitio</em></span> <span class='ocrx_word' id='word_1_234' title='bbox 595 2527 754 2612; x_wconf 78' lang='lat' dir='ltr'><em>repetitae</em></span> <span class='ocrx_word' id='word_1_235' title='bbox 767 2523 865 2589; x_wconf 89' lang='lat' dir='ltr'><em>huius</em></span> <span class='ocrx_word' id='word_1_236' title='bbox 880 2522 1060 2614; x_wconf 77' lang='lat' dir='ltr'><em>particulae</em></span> <span class='ocrx_word' id='word_1_237' title='bbox 1072 2527 1119 2592; x_wconf 88' lang='lat' dir='ltr'><em>li-</em></span> 
     </span>
     <span class='ocr_line' id='line_1_27' title="bbox 93 2549 1119 2696; baseline -0.001 -17"><span class='ocrx_word' id='word_1_238' title='bbox 93 2621 241 2679; x_wconf 82' lang='lat' dir='ltr'><em>crarunt.</em></span> <span class='ocrx_word' id='word_1_239' title='bbox 280 2549 339 2696; x_wconf 60' lang='lat' dir='ltr'><em>flu</em></span> <span class='ocrx_word' id='word_1_240' title='bbox 355 2632 528 2675; x_wconf 82' lang='lat' dir='ltr'><em>commune</em></span> <span class='ocrx_word' id='word_1_241' title='bbox 543 2611 755 2691; x_wconf 72' lang='lat' dir='ltr'><em>correctioni,</em></span> <span class='ocrx_word' id='word_1_242' title='bbox 776 2611 873 2677; x_wconf 82' lang='lat' dir='ltr'><em>intro</em></span> <span class='ocrx_word' id='word_1_243' title='bbox 893 2622 986 2691; x_wconf 85' lang='lat' dir='ltr'><em>tecto</em></span> <span class='ocrx_word' id='word_1_244' title='bbox 1005 2610 1119 2678; x_wconf 80' lang='lat' dir='ltr'><em>subsi-</em></span> 
     </span>
     <span class='ocr_line' id='line_1_28' title="bbox 92 2695 1119 2783; baseline -0.001 -19"><span class='ocrx_word' id='word_1_245' title='bbox 92 2709 181 2779; x_wconf 83' lang='lat' dir='ltr'><em>tout,</em></span> <span class='ocrx_word' id='word_1_246' title='bbox 194 2711 240 2762; x_wconf 83' lang='lat' dir='ltr'><em>ou</em></span> <span class='ocrx_word' id='word_1_247' title='bbox 257 2697 295 2761; x_wconf 84' lang='lat' dir='ltr'><em>iu</em></span> <span class='ocrx_word' id='word_1_248' title='bbox 309 2707 429 2782; x_wconf 82' lang='lat' dir='ltr'><em>operto</em></span> <span class='ocrx_word' id='word_1_249' title='bbox 441 2707 622 2781; x_wconf 76' lang='lat' dir='ltr'><em>vagentur.</em></span> <span class='ocrx_word' id='word_1_250' title='bbox 651 2696 697 2760; x_wconf 90' lang='lat' dir='ltr'><em>ita</em></span> <span class='ocrx_word' id='word_1_251' title='bbox 713 2696 812 2760; x_wconf 89' lang='lat' dir='ltr'><em>etiam</em></span> <span class='ocrx_word' id='word_1_252' title='bbox 826 2695 932 2761; x_wconf 85' lang='lat' dir='ltr'><em>codex</em></span> <span class='ocrx_word' id='word_1_253' title='bbox 947 2700 1119 2783; x_wconf 86' lang='lat' dir='ltr'><em>pragensis</em></span> 
     </span>
     <span class='ocr_line' id='line_1_29' title="bbox 92 2780 1119 2873; baseline 0 -25"><span class='ocrx_word' id='word_1_254' title='bbox 92 2783 233 2867; x_wconf 74' lang='lat' dir='ltr'><em>xhiben]</em></span> <span class='ocrx_word' id='word_1_255' title='bbox 276 2781 354 2845; x_wconf 92' lang='lat' dir='ltr'><em>Non</em></span> <span class='ocrx_word' id='word_1_256' title='bbox 380 2780 525 2844; x_wconf 79' lang='lat' dir='ltr'><em>multum</em></span> <span class='ocrx_word' id='word_1_257' title='bbox 556 2781 681 2846; x_wconf 87' lang='lat' dir='ltr'><em>diversa</em></span> <span class='ocrx_word' id='word_1_258' title='bbox 714 2783 777 2845; x_wconf 90' lang='lat' dir='ltr'><em>erit</em></span> <span class='ocrx_word' id='word_1_259' title='bbox 802 2791 988 2864; x_wconf 80' lang='lat' dir='ltr'><em>ceterorum</em></span> <span class='ocrx_word' id='word_1_260' title='bbox 1018 2784 1119 2873; x_wconf 77' lang='lat' dir='ltr'><em>ratio,</em></span> 
     </span>
     <span class='ocr_line' id='line_1_30' title="bbox 92 2866 1121 2954; baseline 0 -20"><span class='ocrx_word' id='word_1_261' title='bbox 92 2893 106 2934; x_wconf 85' lang='lat' dir='ltr'><em>r</em></span> <span class='ocrx_word' id='word_1_262' title='bbox 124 2869 244 2954; x_wconf 90' lang='lat' dir='ltr'><em>quibus</em></span> <span class='ocrx_word' id='word_1_263' title='bbox 261 2867 401 2934; x_wconf 61' lang='lat' dir='ltr'><em>alterum,</em></span> <span class='ocrx_word' id='word_1_264' title='bbox 416 2889 464 2930; x_wconf 84' lang='lat' dir='ltr'><em>on</em></span> <span class='ocrx_word' id='word_1_265' title='bbox 480 2866 530 2930; x_wconf 87' lang='lat' dir='ltr'><em>vel</em></span> <span class='ocrx_word' id='word_1_266' title='bbox 545 2888 562 2929; x_wconf 89' lang='lat' dir='ltr'><em>a</em></span> <span class='ocrx_word' id='word_1_267' title='bbox 579 2866 720 2932; x_wconf 85' lang='lat' dir='ltr'><em>librariis</em></span> <span class='ocrx_word' id='word_1_268' title='bbox 735 2866 948 2947; x_wconf 86' lang='lat' dir='ltr'><em>inculcatum,</em></span> <span class='ocrx_word' id='word_1_269' title='bbox 970 2867 1022 2932; x_wconf 89' lang='lat' dir='ltr'><em>vel</em></span> <span class='ocrx_word' id='word_1_270' title='bbox 1037 2891 1121 2935; x_wconf 88' lang='lat' dir='ltr'><em>ana-</em></span> 
     </span>
     <span class='ocr_line' id='line_1_31' title="bbox 92 2951 1121 3040; baseline 0.008 -27"><span class='ocrx_word' id='word_1_271' title='bbox 92 2953 186 3018; x_wconf 79' lang='lat' dir='ltr'><em>·hora</em></span> <span class='ocrx_word' id='word_1_272' title='bbox 209 2953 348 3038; x_wconf 90' lang='lat' dir='ltr'><em>quadam</em></span> <span class='ocrx_word' id='word_1_273' title='bbox 373 2951 412 3015; x_wconf 89' lang='lat' dir='ltr'><em>ab</em></span> <span class='ocrx_word' id='word_1_274' title='bbox 444 2951 631 3016; x_wconf 90' lang='lat' dir='ltr'><em>auctoribus</em></span> <span class='ocrx_word' id='word_1_275' title='bbox 655 2952 804 3040; x_wconf 88' lang='lat' dir='ltr'><em>positum</em></span> <span class='ocrx_word' id='word_1_276' title='bbox 836 2951 1017 3039; x_wconf 86' lang='lat' dir='ltr'><em>apparebit.</em></span> <span class='ocrx_word' id='word_1_277' title='bbox 1068 2955 1121 3021; x_wconf 90' lang='lat' dir='ltr'><em>De</em></span> 
     </span>
     <span class='ocr_line' id='line_1_32' title="bbox 92 3038 1122 3129; baseline 0 -25"><span class='ocrx_word' id='word_1_278' title='bbox 92 3061 154 3104; x_wconf 88' lang='lat' dir='ltr'><em>neo</em></span> <span class='ocrx_word' id='word_1_279' title='bbox 178 3038 282 3102; x_wconf 82' lang='lat' dir='ltr'><em>Curtii</em></span> <span class='ocrx_word' id='word_1_280' title='bbox 298 3042 336 3115; x_wconf 87' lang='lat'><em>8,</em></span> <span class='ocrx_word' id='word_1_281' title='bbox 359 3041 398 3117; x_wconf 88' lang='lat'><em>6,</em></span> <span class='ocrx_word' id='word_1_282' title='bbox 420 3038 473 3102; x_wconf 85' lang='grc'><strong>25.</strong></span> <span class='ocrx_word' id='word_1_283' title='bbox 495 3059 564 3100; x_wconf 90' lang='lat' dir='ltr'><em>non</em></span> <span class='ocrx_word' id='word_1_284' title='bbox 591 3058 676 3125; x_wconf 86' lang='lat' dir='ltr'><em>opus</em></span> <span class='ocrx_word' id='word_1_285' title='bbox 698 3046 746 3102; x_wconf 88' lang='lat' dir='ltr'><em>est</em></span> <span class='ocrx_word' id='word_1_286' title='bbox 770 3038 968 3102; x_wconf 87' lang='lat' dir='ltr'><em>coniectura.</em></span> <span class='ocrx_word' id='word_1_287' title='bbox 1019 3040 1122 3129; x_wconf 85' lang='lat' dir='ltr'><em>Opti-</em></span> 
     </span>
     <span class='ocr_line' id='line_1_33' title="bbox 92 3122 1122 3210; baseline 0.002 -21"><span class='ocrx_word' id='word_1_288' title='bbox 92 3147 149 3189; x_wconf 87' lang='lat' dir='ltr'><em>aos</em></span> <span class='ocrx_word' id='word_1_289' title='bbox 164 3124 254 3199; x_wconf 83' lang='lat' dir='ltr'><em>enim</em></span> <span class='ocrx_word' id='word_1_290' title='bbox 271 3122 399 3186; x_wconf 85' lang='lat' dir='ltr'><em>codices</em></span> <span class='ocrx_word' id='word_1_291' title='bbox 414 3123 566 3186; x_wconf 91' lang='lat' dir='ltr'><em>nominat</em></span> <span class='ocrx_word' id='word_1_292' title='bbox 583 3123 870 3209; x_wconf 79' lang='lat' dir='ltr'><em>snakenburgius,</em></span> <span class='ocrx_word' id='word_1_293' title='bbox 893 3122 928 3186; x_wconf 92' lang='lat' dir='ltr'><em>in</em></span> <span class='ocrx_word' id='word_1_294' title='bbox 944 3122 1061 3210; x_wconf 89' lang='lat' dir='ltr'><em>quibus</em></span> <span class='ocrx_word' id='word_1_295' title='bbox 1075 3126 1122 3192; x_wconf 83' lang='lat' dir='ltr'><em>ita</em></span> 
     </span>
     <span class='ocr_line' id='line_1_34' title="bbox 92 3205 1121 3296; baseline 0 -22"><span class='ocrx_word' id='word_1_296' title='bbox 92 3209 261 3296; x_wconf 79' lang='lat' dir='ltr'><em>criptum:</em></span> <span class='ocrx_word' id='word_1_297' title='bbox 296 3206 335 3271; x_wconf 84' lang='lat' dir='ltr'><em>id</em></span> <span class='ocrx_word' id='word_1_298' title='bbox 347 3205 408 3270; x_wconf 80' lang='lat' dir='ltr'><em>od</em></span> <span class='ocrx_word' id='word_1_299' title='bbox 433 3207 681 3272; x_wconf 70' lang='lat' dir='ltr'><em>consolandam</em></span> <span class='ocrx_word' id='word_1_300' title='bbox 697 3207 910 3295; x_wconf 80' lang='lat' dir='ltr'><em>potientium</em></span> <span class='ocrx_word' id='word_1_301' title='bbox 937 3209 1121 3292; x_wconf 72' lang='lat' dir='ltr'><em>verberum,</em></span> 
     </span>
     <span class='ocr_line' id='line_1_35' title="bbox 92 3291 1122 3375; baseline 0.002 -17"><span class='ocrx_word' id='word_1_302' title='bbox 92 3318 124 3361; x_wconf 74' lang='grc' dir='ltr'><em>ιη</em></span> <span class='ocrx_word' id='word_1_303' title='bbox 144 3293 193 3358; x_wconf 85' lang='lat' dir='ltr'><em>od</em></span> <span class='ocrx_word' id='word_1_304' title='bbox 207 3291 425 3357; x_wconf 81' lang='lat' dir='ltr'><em>incitandum</em></span> <span class='ocrx_word' id='word_1_305' title='bbox 442 3293 599 3356; x_wconf 83' lang='lat' dir='ltr'><em>iuoeuum</em></span> <span class='ocrx_word' id='word_1_306' title='bbox 621 3293 776 3358; x_wconf 85' lang='lat' dir='ltr'><em>dolorem</em></span> <span class='ocrx_word' id='word_1_307' title='bbox 801 3291 932 3356; x_wconf 86' lang='lat' dir='ltr'><em>dictum</em></span> <span class='ocrx_word' id='word_1_308' title='bbox 954 3296 1056 3375; x_wconf 78' lang='lat' dir='ltr'><em>esset,</em></span> <span class='ocrx_word' id='word_1_309' title='bbox 1082 3297 1122 3360; x_wconf 82' lang='lat' dir='ltr'><em>irc</em></span> 
     </span>
     <span class='ocr_line' id='line_1_36' title="bbox 91 3374 1123 3466; baseline 0 -22"><span class='ocrx_word' id='word_1_310' title='bbox 91 3377 242 3466; x_wconf 74' lang='lat' dir='ltr'><em>imbiguo</em></span> <span class='ocrx_word' id='word_1_311' title='bbox 256 3374 382 3464; x_wconf 83' lang='lat' dir='ltr'><em>fuisse.</em></span> <span class='ocrx_word' id='word_1_312' title='bbox 431 3377 610 3465; x_wconf 82' lang='lat' dir='ltr'><em>Anaphora</em></span> <span class='ocrx_word' id='word_1_313' title='bbox 631 3401 709 3442; x_wconf 89' lang='lat' dir='ltr'><em>usus</em></span> <span class='ocrx_word' id='word_1_314' title='bbox 728 3389 777 3442; x_wconf 88' lang='lat' dir='ltr'><em>est</em></span> <span class='ocrx_word' id='word_1_315' title='bbox 803 3378 919 3462; x_wconf 87' lang='lat' dir='ltr'><em>Cicero</em></span> <span class='ocrx_word' id='word_1_316' title='bbox 943 3380 1001 3445; x_wconf 91' lang='lat' dir='ltr'><em>lib.</em></span> <span class='ocrx_word' id='word_1_317' title='bbox 1023 3387 1055 3446; x_wconf 91' lang='grc'><strong>2.</strong></span> <span class='ocrx_word' id='word_1_318' title='bbox 1080 3379 1123 3445; x_wconf 91' lang='lat' dir='ltr'><em>ad</em></span> 
     </span>
     <span class='ocr_line' id='line_1_37' title="bbox 91 3461 1166 3556; baseline 0.001 -27"><span class='ocrx_word' id='word_1_319' title='bbox 91 3475 143 3529; x_wconf 77' lang='lat' dir='ltr'><em>itt.</em></span> <span class='ocrx_word' id='word_1_320' title='bbox 169 3486 222 3550; x_wconf 90' lang='lat' dir='ltr'><em>ep.</em></span> <span class='ocrx_word' id='word_1_321' title='bbox 240 3469 271 3528; x_wconf 80' lang='lat'><em>6.</em></span> <span class='ocrx_word' id='word_1_322' title='bbox 293 3464 374 3549; x_wconf 80' lang='lat' dir='ltr'><em>quin</em></span> <span class='ocrx_word' id='word_1_323' title='bbox 392 3462 498 3525; x_wconf 84' lang='lat' dir='ltr'><em>etiam</em></span> <span class='ocrx_word' id='word_1_324' title='bbox 515 3461 683 3547; x_wconf 76' lang='lat' dir='ltr'><em>dubitem,</em></span> <span class='ocrx_word' id='word_1_325' title='bbox 706 3487 753 3527; x_wconf 87' lang='lat' dir='ltr'><em>on</em></span> <span class='ocrx_word' id='word_1_326' title='bbox 768 3463 841 3540; x_wconf 84' lang='lat' dir='ltr'><em>lcic,</em></span> <span class='ocrx_word' id='word_1_327' title='bbox 864 3486 912 3527; x_wconf 82' lang='lat' dir='ltr'><em>arc</em></span> <span class='ocrx_word' id='word_1_328' title='bbox 924 3466 1026 3549; x_wconf 77' lang='lat' dir='ltr'><em>Autii</em></span> <span class='ocrx_word' id='word_1_329' title='bbox 1040 3489 1123 3530; x_wconf 83' lang='lat' dir='ltr'><em>con·</em></span> <span class='ocrx_word' id='word_1_330' title='bbox 1162 3537 1166 3556; x_wconf 79' lang='lat'><em>.</em></span> 
     </span>
     <span class='ocr_line' id='line_1_38' title="bbox 91 3545 1124 3618; baseline 0.003 -4"><span class='ocrx_word' id='word_1_331' title='bbox 91 3549 205 3614; x_wconf 84' lang='lat' dir='ltr'><em>idom.</em></span> <span class='ocrx_word' id='word_1_332' title='bbox 249 3549 325 3613; x_wconf 87' lang='lat' dir='ltr'><em>Non</em></span> <span class='ocrx_word' id='word_1_333' title='bbox 341 3548 381 3611; x_wconf 91' lang='lat' dir='ltr'><em>de</em></span> <span class='ocrx_word' id='word_1_334' title='bbox 397 3545 533 3611; x_wconf 87' lang='lat' dir='ltr'><em>diversis</em></span> <span class='ocrx_word' id='word_1_335' title='bbox 555 3549 651 3613; x_wconf 88' lang='lat' dir='ltr'><em>rebus</em></span> <span class='ocrx_word' id='word_1_336' title='bbox 670 3548 807 3612; x_wconf 86' lang='lat' dir='ltr'><em>dubitat.</em></span> <span class='ocrx_word' id='word_1_337' title='bbox 847 3546 915 3613; x_wconf 85' lang='lat' dir='ltr'><em>Hie</em></span> <span class='ocrx_word' id='word_1_338' title='bbox 938 3562 986 3614; x_wconf 88' lang='lat' dir='ltr'><em>est</em></span> <span class='ocrx_word' id='word_1_339' title='bbox 1008 3552 1043 3615; x_wconf 91' lang='lat' dir='ltr'><em>in</em></span> <span class='ocrx_word' id='word_1_340' title='bbox 1060 3551 1124 3618; x_wconf 85' lang='lat' dir='ltr'><em>bac</em></span> 
     </span>
     <span class='ocr_line' id='line_1_39' title="bbox 91 3632 1124 3722; baseline 0.001 -23"><span class='ocrx_word' id='word_1_341' title='bbox 91 3635 233 3722; x_wconf 83' lang='lat' dir='ltr'><em>egicae,</em></span> <span class='ocrx_word' id='word_1_342' title='bbox 257 3643 287 3698; x_wconf 89' lang='lat' dir='ltr'><em>et</em></span> <span class='ocrx_word' id='word_1_343' title='bbox 311 3632 445 3717; x_wconf 86' lang='lat' dir='ltr'><em>quidem</em></span> <span class='ocrx_word' id='word_1_344' title='bbox 462 3632 573 3697; x_wconf 84' lang='lat' dir='ltr'><em>Antii.</em></span> <span class='ocrx_word' id='word_1_345' title='bbox 621 3633 752 3699; x_wconf 88' lang='lat' dir='ltr'><em>Maneat</em></span> <span class='ocrx_word' id='word_1_346' title='bbox 775 3655 854 3720; x_wconf 85' lang='lat' dir='ltr'><em>ergo</em></span> <span class='ocrx_word' id='word_1_347' title='bbox 877 3634 913 3698; x_wconf 92' lang='lat' dir='ltr'><em>in</em></span> <span class='ocrx_word' id='word_1_348' title='bbox 934 3636 1124 3722; x_wconf 87' lang='lat' dir='ltr'><em>interroga-</em></span> 
     </span>
    </p>
   </div>
   <div class='ocr_carea' id='block_1_7' title="bbox 91 3717 1228 3807">
    <p class='ocr_par' dir='ltr' id='par_1_11' title="bbox 91 3717 1228 3807">
     <span class='ocr_line' id='line_1_40' title="bbox 91 3717 1228 3807; baseline 0.002 -23"><span class='ocrx_word' id='word_1_349' title='bbox 91 3719 243 3798; x_wconf 89' lang='lat' dir='ltr'><em>ionibus‚</em></span> <span class='ocrx_word' id='word_1_350' title='bbox 267 3717 323 3781; x_wconf 92' lang='lat' dir='ltr'><em>ubi</em></span> <span class='ocrx_word' id='word_1_351' title='bbox 339 3718 419 3781; x_wconf 89' lang='lat' dir='ltr'><em>duae</em></span> <span class='ocrx_word' id='word_1_352' title='bbox 441 3727 572 3782; x_wconf 86' lang='lat' dir='ltr'><em>tantum</em></span> <span class='ocrx_word' id='word_1_353' title='bbox 596 3730 704 3807; x_wconf 86' lang='lat' dir='ltr'><em>partes</em></span> <span class='ocrx_word' id='word_1_354' title='bbox 726 3719 962 3804; x_wconf 78' lang='lat' dir='ltr'><em>disiunguntur</em></span> <span class='ocrx_word' id='word_1_355' title='bbox 968 3744 988 3797; x_wconf 45' lang='lat'><em>,¹</em></span> <span class='ocrx_word' id='word_1_356' title='bbox 1008 3732 1124 3786; x_wconf 86' lang='lat' dir='ltr'><em>utrum</em></span> <span class='ocrx_word' id='word_1_357' title='bbox 1226 3792 1228 3800; x_wconf 27' lang='lat'><strong>¹</strong></span> 
     </span>
    </p>
   </div>
   <div class='ocr_carea' id='block_1_8' title="bbox 91 3803 1125 3979">
    <p class='ocr_par' dir='ltr' id='par_1_12' title="bbox 91 3803 1125 3979">
     <span class='ocr_line' id='line_1_41' title="bbox 91 3803 1125 3891; baseline 0.003 -22"><span class='ocrx_word' id='word_1_358' title='bbox 91 3805 203 3885; x_wconf 80' lang='lat' dir='ltr'><em>niori,</em></span> <span class='ocrx_word' id='word_1_359' title='bbox 226 3827 274 3867; x_wconf 82' lang='lat' dir='ltr'><em>ou</em></span> <span class='ocrx_word' id='word_1_360' title='bbox 288 3803 462 3889; x_wconf 87' lang='lat' dir='ltr'><em>posteriori</em></span> <span class='ocrx_word' id='word_1_361' title='bbox 478 3803 632 3870; x_wconf 88' lang='lat' dir='ltr'><em>membro</em></span> <span class='ocrx_word' id='word_1_362' title='bbox 648 3806 731 3886; x_wconf 84' lang='lat' dir='ltr'><em>dari,</em></span> <span class='ocrx_word' id='word_1_363' title='bbox 747 3806 799 3869; x_wconf 88' lang='lat' dir='ltr'><em>vel</em></span> <span class='ocrx_word' id='word_1_364' title='bbox 814 3826 991 3891; x_wconf 87' lang='lat' dir='ltr'><em>suppresso</em></span> <span class='ocrx_word' id='word_1_365' title='bbox 1007 3807 1125 3889; x_wconf 82' lang='lat' dir='ltr'><em>altero,</em></span> 
     </span>
     <span class='ocr_line' id='line_1_42' title="bbox 91 3887 1125 3979; baseline -0.001 -25"><span class='ocrx_word' id='word_1_366' title='bbox 91 3912 185 3954; x_wconf 81' lang='lat' dir='ltr'><em>inum</em></span> <span class='ocrx_word' id='word_1_367' title='bbox 198 3899 326 3952; x_wconf 89' lang='lat' dir='ltr'><em>tantum</em></span> <span class='ocrx_word' id='word_1_368' title='bbox 341 3911 389 3951; x_wconf 83' lang='lat' dir='ltr'><em>on</em></span> <span class='ocrx_word' id='word_1_369' title='bbox 404 3887 584 3952; x_wconf 87' lang='lat' dir='ltr'><em>adhiberi.“</em></span> <span class='ocrx_word' id='word_1_370' title='bbox 605 3891 644 3955; x_wconf 92' lang='lat' dir='ltr'><em>In</em></span> <span class='ocrx_word' id='word_1_371' title='bbox 655 3892 767 3956; x_wconf 82' lang='lat' dir='ltr'><em>Senec.</em></span> <span class='ocrx_word' id='word_1_372' title='bbox 776 3890 881 3975; x_wconf 85' lang='lat' dir='ltr'><em>Epist.</em></span> <span class='ocrx_word' id='word_1_373' title='bbox 891 3893 942 3954; x_wconf 83' lang='lat'><em>69.</em></span> <span class='ocrx_word' id='word_1_374' title='bbox 956 3891 1125 3979; x_wconf 86' lang='lat' dir='ltr'><em>Schweig-</em></span> 
     </span>
    </p>
   </div>
   <div class='ocr_carea' id='block_1_9' title="bbox 91 3968 1235 4054">
    <p class='ocr_par' dir='ltr' id='par_1_13' title="bbox 91 3968 1235 4054">
     <span class='ocr_line' id='line_1_43' title="bbox 91 3968 1235 4054; baseline 0.006 -15"><span class='ocrx_word' id='word_1_375' title='bbox 91 3996 257 4040; x_wconf 84' lang='lat' dir='ltr'><em>1ueuserus</em></span> <span class='ocrx_word' id='word_1_376' title='bbox 274 3997 292 4036; x_wconf 89' lang='lat' dir='ltr'><em>e</em></span> <span class='ocrx_word' id='word_1_377' title='bbox 308 3972 475 4037; x_wconf 90' lang='lat' dir='ltr'><em>codicibus</em></span> <span class='ocrx_word' id='word_1_378' title='bbox 490 3973 608 4040; x_wconf 87' lang='lat' dir='ltr'><em>edidit:</em></span> <span class='ocrx_word' id='word_1_379' title='bbox 631 3977 772 4041; x_wconf 80' lang='lat' dir='ltr'><em>interest</em></span> <span class='ocrx_word' id='word_1_380' title='bbox 788 3973 892 4054; x_wconf 81' lang='lat' dir='ltr'><em>nibil,</em></span> <span class='ocrx_word' id='word_1_381' title='bbox 915 3975 981 4040; x_wconf 85' lang='lat' dir='ltr'><em>illo</em></span> <span class='ocrx_word' id='word_1_382' title='bbox 998 3968 1125 4043; x_wconf 77' lang='lat' dir='ltr'><em>arduos</em></span> <span class='ocrx_word' id='word_1_383' title='bbox 1226 3997 1235 4046; x_wconf 91' lang='grc'><strong>.’</strong></span> 
     </span>
    </p>
   </div>
   <div class='ocr_carea' id='block_1_10' title="bbox 90 4057 1128 4313">
    <p class='ocr_par' dir='ltr' id='par_1_14' title="bbox 90 4057 1128 4313">
     <span class='ocr_line' id='line_1_44' title="bbox 91 4057 1128 4148; baseline 0.003 -22"><span class='ocrx_word' id='word_1_384' title='bbox 91 4061 216 4138; x_wconf 66' lang='lat' dir='ltr'><em>reniae,</em></span> <span class='ocrx_word' id='word_1_385' title='bbox 240 4082 288 4122; x_wconf 85' lang='lat' dir='ltr'><em>ou</em></span> <span class='ocrx_word' id='word_1_386' title='bbox 306 4057 469 4122; x_wconf 80' lang='lat' dir='ltr'><em>odiliam</em></span> <span class='ocrx_word' id='word_1_387' title='bbox 489 4083 561 4124; x_wconf 83' lang='lat' dir='ltr'><em>uos.</em></span> <span class='ocrx_word' id='word_1_388' title='bbox 603 4062 701 4148; x_wconf 83' lang='lat' dir='ltr'><em>Apud</em></span> <span class='ocrx_word' id='word_1_389' title='bbox 719 4061 914 4124; x_wconf 87' lang='lat' dir='ltr'><em>Ciceronem</em></span> <span class='ocrx_word' id='word_1_390' title='bbox 932 4061 974 4124; x_wconf 88' lang='lat' dir='ltr'><em>ad</em></span> <span class='ocrx_word' id='word_1_391' title='bbox 990 4064 1058 4128; x_wconf 82' lang='lat' dir='ltr'><em>Au.</em></span> <span class='ocrx_word' id='word_1_392' title='bbox 1074 4069 1128 4146; x_wconf 87' lang='lat'><em>11,</em></span> 
     </span>
     <span class='ocr_line' id='line_1_45' title="bbox 90 4142 1127 4236; baseline -0.001 -21"><span class='ocrx_word' id='word_1_393' title='bbox 90 4151 113 4215; x_wconf 87' lang='lat' dir='ltr'><em>i.</em></span> <span class='ocrx_word' id='word_1_394' title='bbox 136 4167 210 4212; x_wconf 87' lang='lat' dir='ltr'><em>non</em></span> <span class='ocrx_word' id='word_1_395' title='bbox 224 4166 326 4235; x_wconf 88' lang='lat' dir='ltr'><em>posse</em></span> <span class='ocrx_word' id='word_1_396' title='bbox 341 4142 455 4210; x_wconf 82' lang='lat' dir='ltr'><em>scribi:</em></span> <span class='ocrx_word' id='word_1_397' title='bbox 478 4144 509 4212; x_wconf 86' lang='lat' dir='ltr'><em>is</em></span> <span class='ocrx_word' id='word_1_398' title='bbox 526 4145 654 4215; x_wconf 83' lang='lat' dir='ltr'><em>dicitur</em></span> <span class='ocrx_word' id='word_1_399' title='bbox 678 4145 802 4214; x_wconf 82' lang='lat' dir='ltr'><em>cidisse</em></span> <span class='ocrx_word' id='word_1_400' title='bbox 825 4167 874 4208; x_wconf 81' lang='lat' dir='ltr'><em>aa</em></span> <span class='ocrx_word' id='word_1_401' title='bbox 895 4159 1049 4236; x_wconf 66' lang='lat' dir='ltr'><em>mutem,</em></span> <span class='ocrx_word' id='word_1_402' title='bbox 1079 4172 1127 4220; x_wconf 80' lang='lat' dir='ltr'><em>an</em></span> 
     </span>
     <span class='ocr_line' id='line_1_46' title="bbox 677 4251 882 4313; baseline -0.005 0"><span class='ocrx_word' id='word_1_403' title='bbox 677 4262 682 4271; x_wconf 75' lang='grc'><strong>“</strong></span> <span class='ocrx_word' id='word_1_404' title='bbox 797 4251 840 4313; x_wconf 88' lang='grc'><em>20</em></span> <span class='ocrx_word' id='word_1_405' title='bbox 862 4252 882 4295; x_wconf 57' lang='grc'><strong>8</strong></span> 
     </span>
    </p>
   </div>
   <div class='ocr_carea' id='block_1_11' title="bbox 0 0 1314 4770">
    <p class='ocr_par' dir='ltr' id='par_1_15' title="bbox 0 0 1314 4770">
     <span class='ocr_line' id='line_1_47' title="bbox 0 0 1314 4770; baseline 0 0"><span class='ocrx_word' id='word_1_406' title='bbox 0 0 1314 4770; x_wconf 95' lang='lat' dir='ltr'><em> </em></span> 
     </span>
    </p>
   </div>
  </div>
 </body>
</html>
