2648 4762
575 347 656 428 AD.
1073 362 1116 422 70

132 515 168 549 us
204 475 282 550 mauu
318 499 436 552 additam
458 508 508 553 est.
550 501 603 554 sed
641 504 805 572 frequentius
838 507 935 575 legitur
966 512 996 562 iu
1024 528 1116 582 genua

128 583 318 656 procumbere.

148 724 181 787 6.
199 722 249 786 De
263 721 507 808 praepositione
524 739 571 787 un
588 723 866 788 cumnominibus
879 723 1013 790 urbium
1030 731 1123 793 con·'

59 806 177 872 iuncta
201 807 407 894 grammatici
423 818 472 870 set
487 807 631 871 multum
648 809 869 895 disputarunt.
911 812 958 873 Ac
977 813 1114 897 plurimi

60 892 209 977 aliquam
235 892 379 956 veritatis
404 904 533 979 partem
558 895 756 980 attigerunt,
788 897 884 981 puuci
901 905 1030 978 tamen,
1062 901 1115 965 vcl

42 999 165 1041 nemo
190 978 246 1057 id,
280 978 347 1063 quo
364 987 435 1041 tota
451 979 598 1064 quaestio
617 981 859 1057 absolveretur,
888 983 1114 1078 consprcheu-
1165 980 1170 987 ⁹

61 1085 138 1126 sum
168 1065 287 1127 tenuit.
330 1062 395 1125 Alii
423 1066 510 1127 enirn
544 1064 796 1130 observaverant
829 1077 1114 1151 praepositionem
1147 1099 1154 1111 ·
1211 1108 1214 1113 ·

63 1148 177 1214 omitti
209 1148 317 1212 solere
336 1149 370 1210 iu
392 1149 584 1212 nominibus
601 1150 752 1214 urbiumc
785 1151 873 1214 unde
890 1152 1055 1217 Charisius
1071 1177 1115 1221 ex

61 1234 261 1297 Palaemone
276 1256 310 1320 p.
328 1238 402 1296 206.
419 1235 561 1297 nomina
578 1235 760 1299 civitatum
772 1235 845 1299 siae
853 1234 1113 1321 praepositione

61 1331 141 1382 111111
160 1339 240 1382 oum
254 1317 361 1382 uerbis
384 1319 497 1396 erindi,
513 1320 695 1395 manendi,
722 1320 900 1385 redeundi.
933 1323 975 1384 Et
998 1324 1111 1410 paullo

34 1430 37 1437 ’
61 1414 156 1491 post:
175 1405 390 1491 generaliter
404 1416 437 1469 et
452 1405 624 1481 canonice,
635 1404 853 1469 atliomanus
869 1406 1112 1472 disertissimus

60 1490 151 1555 artis
166 1488 317 1574 scriptor
330 1487 445 1578 refert,
457 1492 734 1588 praepositiones
745 1489 904 1578 gentibus
921 1516 977 1556 seu
993 1496 1112 1577 natio-

14 1588 17 1593 '
62 1573 160 1639 nibus
179 1575 373 1654 adduntur,
397 1574 590 1641 ciuitatibus
610 1575 812 1640 adimuntur
827 1588 859 1640 11
875 1576 1112 1662 detrahuntur,

16 1721 19 1724 ,
64 1661 147 1725 licet
170 1672 290 1725 contra
317 1661 499 1724 nonnullos
524 1679 648 1724 veteres
670 1663 796 1725 dixisse
813 1662 1042 1746 reperiamus,
1074 1678 1111 1731 ut

68 1744 165 1831 aperd.
183 1745 338 1811 cumdem
360 1745 554 1810 Romanum
570 1747 734 1811 inuenies.
779 1747 910 1818 Servius
935 1748 976 1811 nd
993 1750 1110 1837 virgil.

65 1837 144 1895 Aen.
163 1837 199 1911 1,
222 1837 254 1896 2.
287 1854 346 1894 ars
370 1831 505 1919 quidem
528 1832 591 1895 troc
606 1833 731 1919 exigit,
761 1844 799 1896 ut
818 1831 1011 1896 norninibus
1024 1832 1110 1920 Pro-

60 1916 254 1982 cincturam
266 1918 562 2003 praepositionem
584 1917 778 1998 addamus,
807 1918 986 1996 civitatum
1008 1941 1110 1983 uum·-

58 2008 174 2089 qu-um.
222 2002 354 2066 Tamen
376 2003 572 2089 plerumque
594 2005 657 2068 lzoc
678 2024 835 2090 perverso
852 2002 972 2083 ordine
987 2005 1111 2085 lectum

58 2097 121 2152 'est-
165 2084 262 2154 Nam
288 2111 362 2152 ecce
382 2091 445 2152 lice
469 2089 541 2152 laco
565 2088 718 2154 detraxit
740 2087 941 2176 provinciae
955 2112 1109 2178 praepo-

57 2174 220 2237 sitionem
235 2173 371 2237 diceus:
391 2173 582 2238 Italiam
604 2173 729 2240 renit
750 2196 815 2260 pro
837 2173 893 2262 ad
916 2173 1130 2262 Italiam·

58 2259 191 2323 venit.
223 2256 356 2322 Tattius
383 2260 421 2322 in
447 2258 627 2324 Verrinis:
666 2283 717 2323 ea
748 2259 821 2323 die
856 2256 1020 2325 Verres
1052 2262 1130 2327 ad.

23 2354 26 2359 ’
56 2345 310 2409 Messanam
339 2345 475 2420 uenit,
509 2368 573 2432 pro
594 2345 845 2411 Messanam
874 2346 1002 2409 uenit.
1045 2349 1111 2414 Alii
1178 2403 1184 2407 .

84 2430 327 2517 respositiones
350 2431 483 2494 urbium
507 2430 699 2495 nominibus
718 2431 811 2510 addi,
832 2409 928 2494 fuciie
945 2435 1127 2498 concede?

54 2453 158 2594 ient,
195 2515 379 2601 propositis
410 2517 505 2579 certis
538 2515 712 2602 exemplis.
754 2514 804 2579 Ita
831 2516 947 2579 Cicero
972 2537 1014 2580 ex
1036 2519 1108 2607 ipse

56 2600 142 2666 urbe
166 2600 281 2689 Alyzia
303 2602 435 2686 scripsit
458 2600 577 2665 Tironi
596 2606 652 2682 16,
677 2605 709 2665 2.
734 2599 836 2664 tertio
856 2599 989 2683 dieyalis
1008 2613 1040 2668 te
1059 2605 1113 2669 ad

54 2686 221 2774 Alyziam
237 2705 498 2751 accesseramus.
513 2687 547 2750 in
563 2690 658 2751 Verr.
676 2692 705 2767 1,
722 2689 774 2765 27,
792 2689 845 2750 69.
862 2708 963 2774 qztrim
979 2712 1043 2774 ego
1059 2689 1109 2761 ad

56 2769 376 2837 Heraclecmnootu
385 2773 592 2837 accederem.
613 2769 753 2835 nanm.
763 2778 794 2846 3,
804 2776 834 2852 6,
844 2777 875 2835 2.
884 2772 974 2835 niliit
982 2773 1109 2841 metibi
1136 2828 1140 2844 .

51 2858 197 2945 gratisne
211 2854 334 2945 jacere
355 2882 471 2944 posse,
504 2880 606 2944 quam
621 2856 652 2920 si
669 2855 718 2919 ad
732 2856 856 2920 Sidam
876 2850 1106 2944 navigassem.

54 2953 88 3008 et
105 2942 242 3029 Sallust.
257 2942 327 3030 Iug-
342 2947 395 3009 75.
416 2968 454 3008 11
470 2943 572 3007 modo
591 2939 774 3006 instructus
794 2942 843 3009 ad
860 2938 1009 3007 uratum
1020 2969 1108 3032 pro-

45 3024 308 3116 ficiscitur.57,
330 3036 359 3093 1.
391 3027 525 3093 Marius
546 3027 595 3092 ad
620 3026 772 3091 Zamam
791 3029 955 3112 pertenit.
982 3029 1053 3115 Liv.
1072 3035 1106 3112 5,

56 3116 166 3195 19,.8.
190 3113 273 3178 inde
294 3113 343 3177 ad
367 3110 473 3178 Veios
497 3114 661 3177 exercitus
687 3113 820 3175 deictus.
851 3113 1032 3199 (1111111115,
1053 3123 1106 3196 20,

53 3200 87 3263 4.
120 3210 160 3262 ut
186 3200 245 3286 qui
274 3200 449 3286 particeps
483 3222 554 3263 esse
586 3197 754 3284 praedae
771 3197 892 3272 veliet,
925 3195 963 3261 in
988 3214 1107 3279 castra

59 3281 103 3347 V
98 3285 168 3363 cios
192 3285 283 3368 iret.)
305 3292 346 3363 a,
371 3287 430 3363 24,
454 3291 483 3348 1.
509 3284 558 3347 ad
580 3285 705 3348 Soram
724 3281 806 3345 inde
821 3279 982 3347 reditum.
997 3292 1051 3365 23,
1074 3293 1104 3351 1.

55 3368 106 3433 ad
129 3366 256 3433 Soram
273 3369 456 3434 traductae
474 3368 636 3455 legiones.
655 3373 694 3446 9,
710 3371 770 3442 22,
789 3374 819 3431 1.
845 3373 880 3441 6,
893 3375 945 3448 32,
965 3372 996 3434 5.
1021 3373 1105 3436 Cae-

55 3476 110 3517 snr
128 3453 167 3519 B.
185 3454 271 3519 Gall.
294 3462 328 3535 l,
351 3457 383 3519 7.
405 3454 453 3519 ad
470 3455 644 3518 Genauam
660 3451 825 3540 peruenit.
848 3452 887 3518 B.
905 3456 976 3520 Civ.
994 3463 1033 3538 3,
1050 3462 1103 3521 30.

54 3544 88 3613 3,
109 3544 162 3604 39.
186 3540 280 3604 Cart.
297 3542 328 3622 4,
351 3546 382 3621 1,
401 3542 451 3605 15.
469 3534 522 3604 Cs.
537 3539 694 3603 Alterum
708 3538 748 3601 dc
767 3536 843 3600 inst.
861 3561 965 3624 gram.
984 3565 1017 3627 p.
1028 3545 1103 3607 317.

53 3635 88 3688 et
108 3646 193 3712 qnae
216 3626 265 3690 de
280 3624 355 3690 voc.
378 3622 416 3690 in
431 3646 492 3689 suo
512 3624 590 3691 1ο1ο
607 3622 705 3688 infre.
725 3624 833 3708 Atque
849 3619 921 3710 ipse
934 3622 1104 3689 Casuubo-

51 3730 115 3774 nus
131 3712 168 3775 in
186 3710 327 3775 Sueten.
346 3710 463 3776 Claud.
473 3714 513 3775 A.
534 3732 655 3796 corpus
672 3707 743 3773 cius
758 3727 823 3795 per
837 3705 1104 3795 mimicipiorum

51 3793 559 3883 coloniarumqucmrimorcs-
572 3795 622 3859 ad
636 3792 752 3858 urbem
766 3793 939 3858 derectum
956 3819 1025 3858 esse
1041 3819 1102 3859 cx-

48 3880 171 3969 plicuit
195 3881 234 3945 in
250 3874 376 3946 arbem.
407 3881 503 3963 Quae
525 3881 679 3967 exempla
702 3898 806 3965 quum
822 3880 949 3941 rariore
968 3903 1036 3945 esse
1050 3882 1103 3946 vi-

51 3967 223 4047 derentur,
237 3964 440 4047 Perizonius,
464 3964 798 4030 sanctii-sententium
813 3961 850 4026 in
865 3959 1005 4031 Mincrr.
1022 3968 1053 4044 4,
1070 3973 1102 4032 6.

49 4052 220 4133 refellens,
237 4058 326 4116 11111
349 4051 611 4138 frequentiorem
627 4049 768 4115 usumin
777 4049 1101 4135 praepositioncnon
1167 4090 1185 4117 x.

40 4137 162 4203 addite
186 4135 336 4218 noterit,
373 4146 406 4201 et
430 4143 608 4225 praeeunte
630 4133 816 4222 Mulsspins
841 4132 1100 4213 iacis-adut·
