2618 4770
90 352 94 357 ,
132 279 196 347 tea
247 266 285 345 ⁴.
514 236 679 357 nuova.
722 274 789 342 sc.

130 433 291 522 exemplis
316 431 446 521 egregie
474 431 692 519 perspicitur,
722 433 757 498 in
788 432 906 519 quibus
930 440 1034 523 atque
1056 434 1182 501 admitti

128 519 222 586 nullo
237 530 334 607 pacto
359 518 477 606 possit.
497 544 503 557 ¹
521 517 607 582 Nam
631 519 770 582 dicimus
785 520 956 585 bominem
980 522 1104 584 animo
1131 533 1181 585 at-

130 629 193 700 que
213 628 353 691 corpore
362 616 566 691 praestare.-
589 614 621 668 at
636 605 805 669 non·item
822 617 909 670 recte
926 607 1029 670 bomo
1049 619 1181 671 constat

130 692 248 757 anima
264 704 364 779 atque
379 712 536 776 corpore,
569 690 686 781 quibus
710 691 816 754 verbis
840 703 952 778 partes
970 693 1081 756 variae
1103 716 1180 756 eon-

129 778 325 865 iungantur,
347 799 415 839 non
437 780 707 861 aequiparentur:
730 798 832 862 quare
855 798 931 841 cum
949 779 1108 842 omnibus
1125 778 1180 841 bo-

128 863 181 926 nis
207 860 424 963 scriptoribus
450 861 586 929 Sallust.
601 859 677 955 lug.
701 867 733 926 2.
758 862 840 926 dixit
860 886 970 956 geniis
993 865 1180 929 lmmnnum

128 960 351 1035 conapnsctum
366 969 406 1011 ex
422 968 563 1032 corpore
580 959 612 1010 et
632 948 755 1014 anima
779 959 840 1013 est.
882 950 968 1015 Haec
992 960 1107 1014 autem
1133 973 1180 1014 ea·

129 1033 206 1099 dem
224 1044 273 1098 est
291 1053 419 1105 caussa,
443 1043 649 1124 quapropter
670 1045 780 1122 partes
806 1035 982 1112 orationis,
1014 1058 1101 1127 quae
1149 1059 1179 1100 er

128 1132 229 1206 atque
251 1119 515 1202 coniunguntur,
551 1121 671 1182 arctius
695 1122 872 1184 cohaerere
887 1121 1049 1185 videntur.
1130 1145 1179 1185 am

125 1206 303 1273 inhaerent
326 1203 387 1267 sibi
403 1204 544 1268 invicem
563 1214 595 1266 et
611 1205 705 1291 quasi
731 1204 915 1271 confluunt.
958 1206 1055 1271 Vnde
1082 1206 1178 1271 eti'am

125 1290 182 1372 fit,
209 1301 245 1354 ut
259 1289 339 1357 haec
355 1288 517 1376 particula
532 1311 605 1352 eam
621 1292 655 1354 in
675 1313 709 1355 se
730 1291 866 1378 recipiat
885 1291 1178 1384 Vmemonsssfu·

58 1396 64 1407 ·
124 1378 242 1456 tivum,
259 1398 342 1462 qua,
364 1385 402 1437 ut
415 1380 528 1439 r'erum
546 1396 715 1439 connexus
735 1378 954 1466 percipiatur,
971 1362 1123 1442 aii‘iffi‘fiffi
1141 1379 1177 1442 ad

126 1463 225 1527 aliam
246 1485 321 1547 ¹[ern
346 1461 445 1525 simul
474 1461 822 1553 comprehendendam
872 1463 1016 1543 erducit,
1039 1458 1185 1550 eamti'u'e‘

32 1577 34 1583 ·
127 1536 829 1636 ciciliaemodb“c'6n‘sider”andiffi'iii’oii'strals
920 1550 1047 1635 rigitur
1063 1573 1175 1637 gram-

125 1634 256 1712 matici,
285 1654 389 1731 quum
411 1632 568 1696 vidissent
592 1633 625 1696 in
650 1633 763 1698 multis
783 1634 866 1701 locis
888 1636 1095 1721 pronomina
1117 1635 1174 1699 de-

123 1729 341 1786 monstrativa
358 1727 390 1780 et
403 1718 586 1805 personalia
605 1721 765 1806 proximo
786 1719 864 1783 loco
885 1742 961 1784 cum
981 1720 1044 1785 hac
1068 1723 1173 1808 parti·

123 1806 198 1870 cula
222 1804 401 1890 componi,
434 1803 534 1868 veluti
560 1815 661 1891 atque
684 1805 761 1887 ille,
780 1818 886 1892 ‘atque
909 1829 992 1893 ego,
1017 1806 1084 1870 hoe
1103 1809 1172 1894 qui·

122 1892 200 1956 dem
219 1898 414 1975 argumento
430 1889 700 1954 demonstrarunt
716 1903 817 1978 atque
831 1915 895 1978 ega
910 1896 1066 1979 pcnipro
1081 1895 1172 1979 eqiai-

121 1976 202 2043 dem
214 2025 229 2056 „
248 1988 283 2039 ut
299 1973 538 2040 fecitTellerus
554 1976 594 2039 ad
611 1975 742 2040 Sallust.
757 1999 791 2062 p.
808 1983 884 2042 302.
894 2026 904 2058 ,
926 1979 1172 2042 contundebant

123 2085 273 2127 caussam
290 2083 367 2124 cum
383 2082 420 2123 re
437 2083 478 2125 ex
494 2083 531 2124 ea
547 2072 673 2124 exorta.
724 2063 812 2127 Nam
836 2063 1048 2150 coniungitur
1072 2076 1170 2150 atquc

121 2170 199 2212 cum
214 2146 468 2234 pronominibus
484 2147 555 2233 ipsa
572 2168 630 2210 sua
649 2148 680 2211 vi
697 2171 733 2211 ac
751 2159 887 2230 natura,
912 2160 943 2212 et
960 2150 1052 2236 quod
1071 2160 1170 2214 attra-

119 2234 247 2300 huntur
269 2232 492 2319 pronomina,
524 2232 557 2295 id
581 2255 652 2296 non
675 2234 746 2299 sola
774 2235 1009 2300 consuetudine
1033 2234 1091 2315 fit,
1115 2237 1169 2299 sed

119 2319 260 2386 ratione.
296 2318 364 2380 Cic.
383 2317 474 2381 Orat.
496 2323 534 2397 2,
556 2323 586 2382 7.
610 2330 711 2407 atque
733 2342 797 2406 ego
821 2321 859 2383 in
880 2343 1011 2385 summo
1034 2333 1168 2386 oratore

109 2402 284 2492 fingendo
309 2402 413 2465 talem
432 2399 644 2490 informabo,
668 2405 778 2492 qualis
793 2402 949 2494 fortasse
971 2429 1069 2477 rte-mo
1084 2404 1167 2494 sitit.

118 2491 156 2555 ln
182 2490 234 2553 his
263 2488 399 2568 Cicer0,
433 2498 612 2576 postquam
642 2502 857 2577 exposuerat,
894 2513 993 2576 quam
1029 2493 1166 2556 arduum

117 2585 204 2640 esset
220 2583 386 2662 praestare
404 2573 609 2660 eloquentia,
643 2577 761 2653 transit
778 2576 817 2640 ab
836 2576 894 2654 iis,
921 2578 977 2662 qui
1000 2600 1036 2640 se
1059 2579 1164 2641 studio

66 2728 69 2733 ,
117 2661 324 2755 eloquentiae
341 2659 542 2742 dediderint,
566 2661 606 2723 ad
623 2683 719 2725 suum
734 2662 908 2726 consilium
918 2713 927 2744 ,
952 2664 1046 2750 quasi
1062 2665 1165 2727 dictu-

116 2768 191 2811 rus:
213 2747 263 2810 uti
277 2746 336 2809 ista
351 2767 385 2809 se
401 2745 544 2822 habent,
573 2748 617 2810 ita
634 2769 695 2834 ego
709 2749 809 2813 talem
825 2746 1037 2821 informabo,
1063 2750 1164 2834 qualis

116 2831 257 2896 fortasse
277 2854 378 2895 nemo
403 2831 476 2902 fnit,
527 2832 614 2899 Haec
644 2834 793 2905 universa
814 2846 994 2921 praecepta
1016 2846 1163 2899 tenentes

54 2940 56 2947 ⁴
115 2939 177 2983 nos
194 2917 346 3004 exempla
361 2939 449 2985 nunc
465 2939 506 2981 ex
521 2918 640 2981 ordine
660 2919 884 3007 disponamus.

7 3009 60 3104 „a
200 3004 226 3067 Ι.
261 3009 290 3066 1.
321 3003 532 3090 deprimam
546 3005 844 3090 particulaATQvE
861 3005 1090 3092 idproprium
1104 3005 1162 3070 ha·

11 3128 24 3188 t
114 3088 188 3164 bet,
213 3099 249 3153 ut
272 3091 431 3152 unitatem
458 3090 636 3175 notionum
661 3090 874 3171 interiorem,
903 3113 1096 3177 nexumque
1112 3114 1162 3155 re-

23 3174 32 3205 '
114 3198 191 3241 rum
215 3176 248 3238 in
278 3175 403 3259 aequali
425 3166 796 3261 ratibii“6‘“c'6nspicuam
825 3175 995 3263 significet.
1052 3179 1161 3241 Vnitas

7 3262 61 3369 ‘·,-,
76 3263 203 3355 &enim
230 3261 286 3323 illa
313 3261 361 3324 vel
383 3261 454 3347 ipsa
477 3272 612 3347 apparet
634 3262 669 3324 in
697 3261 794 3348 rebus
816 3265 913 3349 unius
937 3263 1083 3361 generis,
1112 3262 1160 3327 vel

19 3332 76 3396 Γ
96 3345 289 3412 'conficitur
302 3345 398 3408 rebus
414 3347 453 3411 ad
472 3367 572 3411 unam
597 3332 891 3433 ratibiieui“'aeipiiii
906 3338 1021 3411 'inodo
1045 3348 1161 3416 confe-

106 3432 233 3497 rendis.
278 3430 354 3510 Quo
371 3431 504 3515 quidem
519 3449 640 3510 ATQVE
661 3432 768 3498 differt
785 3433 824 3496 ab
842 3453 906 3509 ΕΤ,
924 3433 1015 3519 quod
1031 3458 1159 3503 meram

112 3517 384 3581 coniunctionem
401 3516 552 3592 denotat,
575 3527 690 3603 atque,
714 3528 751 3582 ut
768 3518 853 3594 dixi,
877 3519 1077 3605 ubicumque
1098 3521 1159 3584 ob-
1178 3522 1180 3529 '

110 3605 194 3667 tinet
209 3603 322 3666 locum
341 3623 450 3666 suum.
492 3601 531 3665 ln
547 3603 777 3669 connectendis
802 3615 911 3667 autem
934 3604 986 3668 his
1009 3607 1158 3669 notioni-

107 3688 171 3759 bus
190 3687 348 3752 similibus
366 3698 398 3751 et
415 3688 580 3775 cognatis,
606 3690 673 3752 sive
689 3710 746 3754 sua
761 3699 878 3753 natura
895 3689 1156 3772 cohaerentibus,

110 3795 225 3838 sensus
254 3773 430 3860 particulae
453 3785 554 3859 atque
577 3774 671 3840 reddi
694 3784 804 3861 potest
830 3776 953 3840 verbis:
984 3789 1022 3859 up
1036 3815 1081 3832 η
1096 3779 1153 3859 ita,

107 3859 264 3943 itemque.
309 3857 413 3944 Saepe
437 3858 519 3923 haec
536 3857 635 3924 dictio
661 3859 909 3947 amplificationi
926 3883 1022 3927 unius
1044 3861 1152 3927 nomi-

108 3944 160 4008 nis
180 3942 326 4006 inservit.

222 4046 319 4114 Sulpic.
345 4045 413 4112 apud
441 4045 495 4096 Cic.
525 4046 559 4097 ad
583 4048 656 4098 Fam.
676 4030 718 4109 ι4,
746 4046 778 4110 5,
807 4043 849 4099 14.
876 4046 972 4101 arcellus
999 4046 1083 4102 labor
1103 4059 1157 4112 est,

179 4149 257 4201 quem
275 4146 333 4183 non
349 4127 541 4200 longinquitas
565 4134 699 4202 temporis
718 4132 827 4187 mittunt
846 4153 880 4188 aa
898 4133 1020 4191 atolliat.
1039 4136 1110 4189 ‘Cic
1130 4155 1157 4205 p.
