2618 4770
558 327 628 396 AN·
1056 338 1122 413 eat

137 511 201 548 rum
218 491 330 562 punctis
346 486 415 542 altis
432 483 626 555 nascentibus,
644 481 712 539 aliis
731 482 899 542 catenatas.
934 483 981 542 An
997 489 1028 544 iu
1046 490 1119 546 indi·
1179 548 1182 553 ,

139 579 236 635 viduis
256 572 432 648 ⁴crnpuscclis
453 585 512 625 tam
537 569 683 641 praeclara
714 587 817 640 opera,
851 571 932 628 nialla
957 574 1120 632 moderante
1192 606 1205 623 ·-
1274 612 1277 621 ‚

138 677 262 727 natura,
280 657 486 715 trutinatione
497 654 698 728 fingentibus?

175 764 254 822 Ovid-
277 763 341 814 Her.
366 761 416 827 12,
442 761 485 813 91.
515 759 578 814 vidi
603 761 690 814 ctiam
714 736 854 814 lacrimas.
903 761 949 814 An
970 781 1046 847 pars
1075 777 1120 819 esc

133 847 255 923 fraudis
270 848 298 900 ir
315 845 397 902 illis?
414 847 441 909 2,
458 843 503 899 51.
520 844 687 898 credidimus
704 841 834 897 lacrimis.
859 843 907 898 An
923 857 952 900 et
968 845 1021 903 hae
1034 853 1120 907 simu.

140 923 374 990 taredocentc'r?
404 949 438 982 ex
458 932 532 981 Pont.
553 929 585 991 1,
604 926 638 993 6,
655 928 700 980 25.
728 928 914 1000 quidquidxid
929 943 988 996 ert,
1013 945 1120 990 utnon

136 1019 276 1093 facinus,
294 1021 334 1071 sic
352 1013 437 1087 culpa
456 1012 623 1071 vocandum.
663 1011 764 1069 Omnis
788 1033 827 1068 an
855 1017 885 1071 in
901 1025 1018 1088 magnos
1035 1019 1120 1094 culpa

140 1108 212 1163 deos
229 1103 319 1159 scelus
335 1101 400 1154 est?

159 1214 212 1274 17.
239 1203 413 1270 Interdum
429 1222 506 1266 cum
522 1199 652 1264 occulta
667 1195 699 1263 vi
714 1199 944 1267 disiunctionis
956 1209 1120 1290 gravescit

98 1293 245 1384 pp‘oaitio
264 1288 519 1361 sententiarum,
537 1308 639 1372 eaque
663 1285 864 1382 exprimitur
887 1311 949 1375 per
971 1294 1120 1371 vocabu-

98 1402 144 1446 tm
157 1390 221 1444 11η.
266 1377 342 1457 Quo
359 1372 484 1437 factum
500 1382 565 1454 est,
595 1381 633 1433 ut
647 1370 773 1437 librarii
789 1382 828 1435 at
843 1375 1057 1460 corrigerent.

178 1499 233 1551 Cic.
252 1496 285 1548 de
299 1497 359 1549 Fin.
377 1495 410 1558 2,
430 1491 481 1553 31,
500 1489 558 1542 102.
578 1489 654 1563 quid,
672 1491 780 1545 idemne
796 1503 892 1562 potest
911 1511 969 1550 esse
986 1497 1045 1552 dies
1062 1517 1122 1554 sae.

140 1587 224 1658 pius,
248 1582 296 1655 qui
314 1578 399 1633 semel
413 1572 501 1647 fuit?
527 1587 598 1629 certe
623 1594 680 1629 non
697 1585 801 1645 potest.
837 1596 875 1629 an
901 1578 1144 1639 eiusdemmodi?

142 1690 178 1724 ne
196 1667 227 1724 id
245 1665 371 1739 quidem,
397 1666 453 1717 nisi
470 1671 520 1714 ete.
539 1661 585 1712 ubi
596 1657 713 1712 Bremius
731 1660 846 1713 coniecit
861 1673 960 1716 temere
977 1675 1018 1718 at.
1087 1715 1089 1727 ,

160 1775 212 1836 18.
248 1769 389 1832 Possunt
417 1763 529 1852 plures
550 1757 827 1850 interrogationes
857 1766 1006 1914 aeguales
1041 1772 1123 1832 con-

98 1856 184 1943 tngi,
236 1877 272 1918 er
290 1875 370 1939 quas
391 1850 500 1914 oratio
518 1859 573 1912 aut
593 1870 661 1932 uno
678 1845 809 1914 tramite
856 1873 895 1915 ro

97 1877 246 2007 decendit
264 1939 303 2002 ad
322 1937 482 2024 graviora.
525 1933 566 2022 In
582 1931 621 1998 iis
642 1952 746 2020 quum
771 1871 862 1998 1111111
885 1934 964 2002 insit
983 1939 1124 2026 opposi-

97 2036 144 2103 ζὸ,
169 2050 217 2091 an
236 2024 312 2112 plus
329 2021 431 2087 semel
452 2019 609 2109 ponitur,
626 2028 797 2104 tamquam
821 2017 998 2100 devertitur.
1047 2021 1124 2087 vid.

97 2112 229 2199 xempln
247 2109 335 2196 apud
350 2108 417 2171 Cic.
432 2129 468 2192 p.
483 2103 575 2171 Balb.
591 2109 652 2184 23,
669 2104 785 2195 Ι51111
802 2107 869 2171 Att.
887 2113 926 2194 16
936 2157 947 2191 ,
969 2113 1001 2174 8.
1025 2108 1124 2174 Acad.

97 2247 116 2282 ‚,
137 2201 200 2280 28,
222 2201 275 2260 91.
298 2194 380 2257 bene
394 2191 539 2257 restituit
555 2191 718 2274 Goerenz.
735 2212 770 2278 p.
778 2190 878 2258 Roac.
886 2194 962 2259 Am.
978 2196 1032 2277 41,
1050 2197 1126 2260 119.

97 2287 173 2350 serr.
194 2287 233 2365 8,
257 2285 317 2360 80,
343 2283 416 2343 186.
682 2329 683 2332 ,

162 2373 215 2434 19.
256 2366 411 2430 Ceterum
434 2357 599 2428 notandus
626 2368 675 2426 est
697 2356 800 2427 etiam
819 2359 1037 2429 construendi*
1052 2385 1126 2428 ver-

97 2475 202 2521 orum
225 2451 280 2516 ille
295 2449 448 2532 modus,
487 2467 553 2535 quo
577 2448 793 2535 interrogatio
815 2469 876 2538 per
900 2473 950 2514 an
972 2448 1058 2512 dictu
1081 2449 1127 2514 ita

98 2541 253 2607 ontinuat
268 2536 472 2610 orationem,
500 2542 538 2596 ut
560 2551 643 2617 quae
669 2532 806 2597 alteram
828 2544 958 2621 purtem
978 2534 1128 2600 interro·-

96 2625 221 2707 ;ationis
239 2620 413 2709 expleant,
437 2641 478 2684 ex
493 2618 760 2683 antecedentibus
781 2629 986 2707 repetantur.
1097 2680 1100 2687 .

922 1853 1046 1933 ucitur,
1067 1861 1124 1917 aut
1230 1869 1232 1873 ·

191 2742 247 2794 cic.
274 2742 307 2794 de
332 2739 391 2793 nin.
422 2732 523 2807 2,15,
549 2731 593 2794 50.
626 2737 695 2811 quid
722 2754 793 2791 nnnc
815 2734 974 2795 honeste
1001 2738 1129 2794 dicitur?
1243 2722 1247 2731 ¹

145 2825 258 2882 identne
276 2824 350 2896 quod
369 2821 379 2877 i
387 2823 549 2878 arunde?
581 2838 646 2896 ergo
665 2821 721 2886 ita,
748 2839 805 2875 non
822 2841 906 2891 posse
925 2825 1041 2879 honeste
1060 2826 1129 2891 vivi,

147 2908 207 2966 nisi
227 2906 340 2965 honeste
355 2907 476 2963 vivetur.
504 2922 557 2966 an.
582 2912 638 2963 nisi
655 2901 791 2980 populari
801 2905 911 2979 fama?
928 2907 947 2961 i.
964 2929 988 2963 e.
1009 2928 1043 2961 au
1064 2911 1131 2962 dicit
1195 2906 1200 2918 '

123 2990 126 2995 ¹
147 2994 295 3066 Epicurus,
315 3009 370 3048 non
386 3013 463 3065 posse
482 2994 535 3047 vivi
548 2993 659 3046 honeste
676 2988 727 3044 nisi
744 2995 866 3063 populari
886 2989 978 3046 iamai
1000 2995 1036 3046 ci.
1054 2996 1130 3046 Goe-

150 3094 224 3131 rent.
242 3081 275 3131 ad
295 3080 322 3134 h.
343 3081 362 3130 1.
396 3077 525 3141 111111,
545 3073 594 3144 17,
611 3074 653 3130 54.
671 3082 696 3132 si
713 3082 785 3131 enim
799 3098 843 3133 res
865 3098 895 3134 sc
919 3081 960 3133 ita
981 3076 1079 3142 habet,
1099 3088 1132 3132 ut
1247 3111 1250 3123 ι

144 3161 226 3220 111111
244 3166 369 3233 intersit,
400 3173 490 3217 utrum
509 3166 616 3233 ita-cui
640 3163 822 3219 videaturaut
845 3167 963 3230 insono,
991 3181 1029 3218 nn
1051 3179 1133 3220 sano·

148 3247 169 3300 i.
186 3267 212 3319 q.
230 3267 264 3301 an
282 3250 324 3302 cui
342 3250 479 3315 videatur,
497 3259 526 3300 ut
542 3263 616 3305 sano.

177 3355 231 3414 20.
277 3349 495 3438 interrogatio
521 3361 611 3415 recta
645 3349 792 3436 quamtis
815 3349 958 3416 modum
984 3349 1131 3435 requirat

95 3434 316 3519 ndicativum,
354 3438 436 3501 aliae
468 3442 579 3499 tamen
602 3435 804 3501 intercedere
826 3446 966 3524 possunt
988 3455 1131 3509 cerussae,

95 3518 133 3586 ‘el
171 3521 211 3585 ab
248 3519 408 3609 opinione
438 3519 564 3584 incerta
594 3518 647 3585 vel
681 3543 700 3584 a
738 3520 902 3588 modestia
948 3519 1132 3610 profectae,

103 3626 167 3671 uae
201 3612 389 3672 orationem
421 3608 586 3670 invertant
616 3613 649 3669 ct
679 3602 926 3672 coniunctivum
951 3603 1132 3695 posttdcnt.

97 3714 167 3779 ¹aec
183 3715 201 3757 a
217 3689 438 3778 grammaticis
449 3692 607 3781 ‘exposita
622 3701 754 3756 notasse
767 3689 899 3761 sufficit.
1055 3687 1060 3693 ’

155 3871 160 3876 .
186 3807 242 3865 cic.
261 3811 293 3863 de
313 3814 378 3881 Leg.
399 3814 430 3875 1,
453 3807 618 3875 1135...
638 3810 706 3867 catti
723 3811 807 3866 aliter
825 3811 916 3867 videri
934 3811 1049 3883 possit?
1073 3809 1092 3860 1.
1109 3827 1133 3862 e·

103 3948 108 3965 x
151 3895 227 3965 quasi
244 3915 371 3966 quaeres,
391 3916 425 3949 an
439 3897 503 3948 mihi
516 3896 594 3949 aliter
612 3897 695 3950 videri
711 3900 805 3966 possit.
850 3897 944 3950 Horat.
966 3902 1015 3949 Ars
1035 3915 1061 3964 p.
1071 3890 1133 3946 265.

95 3980 109 3994 “
150 4001 190 4034 an
211 3999 305 4036 cmiter
325 3984 433 4036 visuros
456 3993 573 4052 peccata
595 3992 701 4056 putem*
714 4001 783 4036 mea.
815 3983 836 4034 i.
855 4000 879 4034 ο.
903 3982 971 4038 oder
989 3980 1070 4034 solit*
1090 3977 1134 4031 ich

152 4064 288 4139 glauben.
315 4069 368 4123 vid.
385 4087 411 4137 p.
428 4064 488 4123 ³38.
505 4068 607 4122 “Plano
624 4068 706 4122 stieh.
723 4068 757 4136 2,
775 4066 807 4135 1,
823 4066 867 4121 22.
885 4087 923 4123 cn
950 4083 1019 4125 vero
1042 4077 1147 4148 araga(

153 4155 290 4211 censeat?
343 4206 346 4211 ,
1152 4164 1156 4180 ·

856 4217 918 4302 ia*
