2618 4770
74 344 76 351 .
155 290 230 362 aas
449 285 642 374 moon.
685 287 912 373 mooun.

163 440 305 510 verbum
318 441 382 507 sibi
399 443 507 541 magis
525 441 684 513 usitatum
704 441 906 510 inserebant.
936 442 1018 509 'Sed
1034 432 1208 521 emender,-

68 570 76 597 .
164 528 225 595 dus
243 537 313 594 erat
327 528 440 610 loeus,
462 550 498 594 m
515 549 583 615 quo
601 551 716 594 omnes
742 527 872 593 codices
889 529 961 593 olio
1006 529 1204 615 inmittunt,

163 613 216 680 vel
239 613 308 679 hoc
330 614 455 680 modo:
488 636 629 701 quoram
660 612 703 679 ab
727 614 875 681 oratoris
906 552 1037 679 tollito
1068 614 1233 701 debeata,

163 722 313 798 maguus
330 697 556 765 adhibebitur.
603 698 865 782 Quodammodo
888 699 947 764 illc
962 700 1001 769 ia
1017 696 1115 767 bonis
1127 702 1201 769 too-

162 782 298 855 rebitet
309 783 481 850 habitabit
496 785 586 849 suis.-
606 797 668 852 aat
690 785 820 849 molliet
838 782 947 868 clura,
975 798 1038 854 aut
1060 786 1200 855 occultae

163 868 231 947 ta,
255 892 342 957 quoe
357 869 446 934 dilui
464 893 534 934 noa
546 882 724 958 potentat,
748 882 849 958 atque
873 871 1011 936 ornaiuo
1031 868 1197 960 opprimet,

163 978 194 1021 si
209 953 342 1037 licebit,
364 967 425 1022 aut
442 953 586 1021 abdicent
600 957 751 1037 animos,
775 967 836 1022 aut
855 955 954 1022 aliud
968 953 1102 1045 offeret,
1121 952 1196 1047 quo'l

163 1041 357 1127 oppositum
380 1038 591 1129 probabilius
613 1043 659 1106 sit
682 1063 785 1140 quiam
810 1039 917 1122 illurl,
944 1041 1035 1132 quod
1055 1042 1216 1119 obstulit,

163 1126 228 1192 vul
253 1147 437 1215 oquoaam
459 1125 573 1195 morlo.
623 1129 667 1192 At
683 1126 955 1214 interrogationi,
981 1127 1046 1192 nisi
1062 1128 1191 1211 ,addatur

164 1149 264 1297 quiri,
307 1233 378 1277 non
411 1219 505 1277 atus
543 1213 604 1279 erit
635 1212 747 1277 locust
795 1212 1065 1279 coniunctionem
1099 1216 1190 1281 iitur

162 1294 216 1361 vel
230 1318 314 1361 aam
336 1318 407 1362 non
426 1235 682 1365 iesiderabimus
704 1298 904 1387 interposito
925 1301 1063 1365 nomine
1079 1240 1189 1369 illm
1209 1344 1215 1351 -
1248 1294 1252 1376 i

164 1382 311 1446 maxima
341 1383 389 1446 vis
418 1384 504 1449 inest
535 1384 570 1449 in
598 1382 765 1449 vocabulis
800 1384 941 1452 haerere
975 1395 1009 1449 et
1040 1384 1187 1452 babitare.
1247 1382 1252 1410 ⁴

166 1466 269 1547 Quod
283 1489 326 1533 ex
339 1466 443 1555 Epist.
470 1467 512 1533 ad
537 1469 604 1537 Att.
629 1466 713 1534 falso
738 1469 876 1535 nomine
905 1468 1064 1547 atterunt,
1092 1471 1188 1560 legitur

165 1558 224 1634 12,
255 1558 287 1618 3.
315 1554 517 1642 ceteroquin.
560 1555 674 1619 Restat
696 1554 798 1640 igitur
823 1575 928 1619 unum
954 1555 1140 1644 exemplum
1157 1558 1188 1628 de
1248 1611 1252 1619 ⁴

161 1635 239 1738 Leg.
270 1644 310 1720 2,
337 1641 397 1716 25,
427 1645 479 1704 62.
504 1637 566 1705 serl
588 1639 689 1705 creclo
718 1639 899 1704 minimam
926 1640 1009 1707 olim
1035 1642 1130 1707 istius
1147 1644 1187 1708 rei
1250 1703 1252 1724 ,

160 1720 267 1807 faisse
281 1725 526 1813 cupiditatem.-
553 1725 708 1812 alioqaia
725 1724 835 1790 multa
859 1737 1033 1791 eastareat
1055 1729 1188 1815 exemplo

152 1797 343 1874 maiorum.
365 1813 519 1877 Attamen
534 1809 588 1875 hie
611 1831 745 1909 quoque
768 1809 912 1874 dubitari
936 1810 1044 1895 decet,
1071 1816 1138 1878 tum
1152 1812 1186 1877 ob

161 1894 327 1961 librorum
344 1896 542 1982 scripturam
558 1895 702 1977 uidisse,
753 1917 832 1961 uam
856 1896 1024 1962 Manutius
1047 1921 1114 1964 non
1137 1898 1188 1964 ele·

161 1990 275 2069 gunter
290 1980 478 2045 emendavit
493 1979 585 2045 nieles
601 1980 662 2046 secl
676 1919 795 2062 orello,
813 1980 1076 2049 antecedentibus
1089 1984 1187 2050 iisdem

160 2063 268 2129 verbis
279 2064 452 2150 (nimirum
468 2065 679 2130 scribendum
695 2076 765 2131 erat
781 2077 814 2132 et
830 2065 1038 2155 eraclo),tum
1049 2069 1187 2158 obipsarn

160 2150 377 2230 sententiam,
396 2173 495 2237 quam
511 2153 624 2238 potius
641 2151 682 2217 ab
695 2151 934 2239 interpolatore
962 2155 1062 2221 nimis
1080 2148 1188 2234 sedulo,

162 2235 220 2327 qui
241 2234 305 2299 hos
326 2236 431 2301 libros
451 2238 621 2316 tractavit,
652 2237 840 2325 appositam
862 2259 1062 2307 censeamus.
1092 2242 1191 2331 Igitur

160 2331 235 2401 ente
257 2321 405 2402 Livium,
454 2323 486 2388 ui
510 2321 575 2387 hoc
597 2322 797 2388 vocabulum
818 2326 1045 2411 usurpaverit,
1075 2336 1206 2416 praeter.

159 2405 353 2471 Lucretium
377 2344 486 2472 nulius
517 2390 646 2473 videtur
675 2417 803 2473 exstare
823 2408 983 2495 scriptor,
1009 2433 1112 2479 nemo
1133 2411 1189 2487 ire-
1238 2480 1244 2489 ,

78 2504 81 2511 “
183 2491 311 2556 uentius
337 2490 446 2557 Plinio
475 2493 648 2573 Secundo,
676 2492 734 2558 sed
757 2493 892 2557 Tacitus
915 2495 1014 2559 etiam
1034 2519 1110 2564 eum
1127 2519 1191 2587 qua·

125 2654 127 2659 .
159 2513 239 2641 iam
254 2577 468 2665 proprietate.
511 2580 684 2644 Lucretius
702 2577 805 2643 semel
818 2579 984 2665 posuit-⁹»,
1005 2580 1081 2649 415.
1105 2599 1192 2649 num·

160 2683 258 2751 quam
267 2663 398 2727 Plautus
416 2664 646 2748 etTerentius,
661 2685 844 2750 numquam
853 2660 1022 2729 Sallustius
1037 2679 1070 2733 et
1079 2671 1195 2738 Caesar.

242 2748 329 2815 Haec
349 2748 416 2812 iam
441 2751 649 2838 scripseram,
674 2771 778 2836 quum
799 2749 931 2815 Beierns
956 2749 1075 2821 litteris
1097 2756 1139 2821 ad
1153 2777 1198 2823 me

159 2831 259 2914 datis,
284 2833 381 2901 aliam
398 2835 461 2899 sibi
477 2834 721 2900 conformatam
744 2855 811 2898 esse
830 2837 1026 2901 sententiam
1042 2840 1200 2929 signifiea-

157 2918 222 3000 vit,
246 2917 377 3006 alioqui
393 2919 458 2986 diei
474 2919 670 2988 affirmative
684 2942 748 3007 pro
765 2919 835 2983 alio
857 2943 938 3008 quio,
962 2923 985 2987 i.
999 2946 1027 2988 e·
1047 2928 1202 3013 quadarn,

157 3004 311 3089 respecta
329 3004 381 3070 vel
398 3005 510 3090 morlo,
528 3017 567 3071 ut
585 3005 773 3093 ceteroqui.-
797 3003 950 3074 alioruin
971 3009 1204 3104 interrogative

157 3111 221 3176 pro
244 3089 316 3153 alio
338 3103 493 3176 respecta
516 3115 579 3179 qiro
602 3089 704 3155 morlo
729 3087 823 3156 aaa?
848 3029 952 3159 aliter
974 3095 1100 3185 qrriae?
1125 3092 1162 3181 h}
1178 3123 1204 3164 e.

157 3173 229 3238 alio
245 3187 399 3260 respecta
413 3177 465 3240 ati
485 3199 537 3259 ue,
547 3187 585 3243 ut
598 3176 791 3262 ceteroquin
803 3198 868 3262 pro
884 3189 1007 3260 cetera,
1032 3187 1157 3268 ceteris
1170 3186 1207 3252 ia

155 3257 253 3330 rebus
273 3282 333 3324 cur
347 3259 440 3326 aare?
460 3200 554 3347 &trae
577 3284 635 3328 cur
657 3263 764 3328 amico
789 3261 957 3327 carissimo
982 3287 1055 3334 non
1076 3268 1209 3361 appross

157 3345 261 3421 bem,
283 3354 338 3411 aut
362 3348 566 3434 expositioni
594 3373 613 3416 a
641 3369 695 3410 me
725 3344 832 3411 factae
851 3348 1058 3435 praeferam,
1090 3357 1209 3426 iinon

156 3427 383 3512 mirabrmtar,
408 3434 465 3519 qui
493 3454 624 3499 mecum
648 3428 805 3497 bbscurae
827 3434 1014 3517 subtilitatis
1038 3438 1209 3531 vitupera-

74 3535 76 3539 ·
156 3516 282 3581 tionem
300 3517 443 3602 elingere
462 3519 607 3605 cupiant.
632 3517 741 3584 Sensit
754 3517 845 3583 idem
859 3518 1126 3609 Lindemannus,
1152 3532 1211 3616 qui

156 3600 190 3666 in
210 3602 399 3667 Commeat.
425 3602 464 3666 de
486 3602 663 3670 Adverbio.
692 3608 723 3668 4.
755 3625 790 3690 p.
816 3603 848 3666 4.
881 3601 997 3670 salsam
1029 3615 1211 3698 appellavit

155 3687 354 3774 scripturam
375 3686 530 3774 alioquin
544 3698 740 3786 propterea,
773 3688 865 3774 quod
891 3692 1034 3776 negandi
1053 3699 1121 3763 vim
1147 3700 1212 3770 ha.

96 3814 103 3821 ·
156 3768 249 3836 beret
264 3773 414 3839 alienam.
458 3774 557 3859 Atqui
581 3772 662 3836 haec
684 3777 815 3859 negatio
833 3775 930 3839 etiam
956 3778 991 3842 in
1015 3780 1211 3873 interroga.

120 3856 388 3955 ‚stione'inesset
431 3857 482 3924 De
498 3859 687 3948 oppositiva
705 3859 738 3926 vi
753 3858 897 3949 syllabae
913 3885 956 3927 ae
971 3863 1093 3934 iterum
1114 3872 1211 3939 dice.

155 3962 229 4007 mus
244 3965 279 4007 m
298 3961 395 4020 errv.

241 4033 270 4091 1.
300 4026 466 4119 Significat
479 4046 630 4107 aaroqu
649 4028 894 4112 conditionem,
936 4054 995 4101 uae
1011 4038 1047 4103 in
1064 4038 1139 4107 aliis
1157 4043 1211 4111 vel

154 4111 290 4204 reliquis
308 4112 457 4207 partibus
475 4125 542 4202 est,
569 4115 712 4204 ideoque
727 4137 860 4207 semper
877 4055 977 4215 hibet
986 4171 998 4206 ,
1020 4125 1074 4191 cui
1089 4148 1210 4218 eppo.
