2618 4770
477 343 776 428 A,AB,ABS.
911 316 914 323 ⁴
1097 360 1142 424 45

158 518 215 553 usn.
250 499 300 552 Ille
328 502 398 553 cuim
421 500 474 551 ait:
499 497 532 549 ab
550 499 624 566 lice,
651 502 696 568 qui
720 503 810 568 adest,
837 505 933 559 Crasso
949 508 1018 563 nihil
1030 512 1142 567 facetius

162 590 259 640 dictum
278 597 327 638 est.

171 692 214 755 ·V.
244 698 273 754 1.
301 691 326 752 A
349 688 426 750 loco
447 685 502 748 hic
516 706 593 749 usus
610 686 808 751 transfertur
821 686 862 751 ad
877 699 1021 780 tempus.
1045 695 1140 776 Qua.

112 800 147 842 re
166 774 359 866 praepositio
379 786 422 837 ΑΒ
447 772 487 841 de
512 794 567 853 re,
602 790 701 857 quam
727 773 855 838 aliures
898 779 1030 842 roxime
1048 785 1141 844 exci-

120 865 172 950 pit,
190 877 241 927 aut
268 882 368 947 quam
389 857 518 920 finitam
539 866 571 921 et
586 856 836 922 determinatam
860 797 947 925 aiiud
963 864 1041 948 quid
1055 864 1141 943 inci·
1207 898 1210 907 v

120 951 189 1035 picus
201 946 360 1036 proximo
380 953 534 1028 tempore
551 943 714 1027 sequitur,
745 944 790 1006 ita
805 946 1060 1032 usurpatur,‘ut
1078 956 1140 1015 e'x.

119 1035 208 1121 plicari
229 1031 336 1122 possit
376 1051 412 1091 er
427 1026 627 1092 vocabulum
636 1039 729 1112 post.
773 1029 918 1094 Plurima
938 1035 1089 1121 exempla
1105 1038 1140 1101 in

119 1143 145 1184 ss
162 1120 274 1184 habent
297 1053 396 1179 veriia
413 1112 569 1176 mit-tendi
592 1113 810 1193 stimulandi,
841 1137 924 1213 quae
939 1117 1035 1182 aliam
1053 1143 1143 1206 quo.

120 1227 165 1291 que
178 1205 352 1285 admittunt
369 1198 557 1277 rationem,
591 1198 777 1261 discedendi
791 1210 931 1265 notione
946 1208 1139 1292 supposita:

121 1292 164 1354 alis
176 1303 281 1354 tamen
307 1283 578 1370 consequutionis
601 1282 876 1370 significationem
895 1287 1060 1376 integram
1075 1292 1140 1356 ob.

121 1378 208 1440 tinent.
249 1375 366 1455 Neque
390 1369 484 1432 aliter
509 1369 643 1447 Graeci,
675 1369 715 1432 de
738 1389 884 1454 quorum
904 1392 968 1440 usu
989 1377 1055 1442 vid.
1084 1377 1141 1442 Fi.

123 1456 354 1547 schcrltlnimad.
369 1455 420 1550 ΙΤ.
442 1460 474 1518 8.
489 1458 522 1516 2.
554 1475 590 1540 p.
611 1458 684 1518 108.

184 1580 280 1634 'Livius
298 1574 350 1641 40,
374 1571 425 1638 47,
442 1572 468 1624 8.
493 1571 530 1627 ab
548 1568 601 1627 iioc
623 1575 781 1654 spectaculo
801 1574 889 1649 legati
908 1581 986 1636 missi
1005 1581 1141 1642 deterrue-

170 1664 220 1720 imt
244 1670 312 1716 suos
334 1659 369 1714 al>
400 1659 512 1714 auxilio
525 1662 729 1715 .circumsessae
753 1660 815 1716 urbi
835 1659 968 1733 ferendo.
987 1667 1035 1732 24,
1052 1671 1098 1734 22,
1114 1672 1142 1724 6.

156 1746 196 1803 'si
220 1747 272 1802 hac
294 1751 425 1801 concione
450 1744 538 1816 iegati
556 1748 636 1800 missi
655 1757 728 1799 sunt.
763 1749 836 1799 Haec
853 1748 940 1822 igitur-
951 1745 1011 1801 aliis
1029 1748 1142 1809 fortasse
1190 1792 1195 1799 -

147 1836 313 1887 ‘videbuntur
332 1833 413 1900 magis
436 1849 453 1882 a
471 1831 552 1883 verbo
570 1830 694 1882 mittendi
710 1833 777 1900 regi,
797 1835 953 1906 psaesertim
967 1854 1045 1904 quum
1061 1842 1143 1892 ctiam
1201 1862 1206 1877 ·
1255 1808 1262 1831 Ἰ

168 1919 298 1974 dimittere
315 1920 367 1969 hoc
391 1918 469 1968 modo
492 1917 603 1969 dicatur'.
637 1916 727 1968 Livius
742 1917 794 1982 28,
821 1917 879 1985 33,
903 1918 929 1971 1.
950 1919 990 1973 ab
1010 1919 1063 1976 isac
1079 1942 1142 1979 ora.

168 2009 235 2060 tione
258 2005 390 2058 dimissos
412 2001 451 2054 ad
467 2003 520 2057 iter
533 2004 558 2056 si
577 2016 741 2071 *comparare
757 2006 787 2056 in
804 2003 878 2059 diem
895 2017 1039 2075 posterum
1057 2008 1143 2065 iubat.
1232 2032 1236 2037 ⁹
1264 2043 1271 2055 ι

168 2085 261 2142 Curtius
281 2082 314 2156 6,
338 2082 372 2153 7,
403 2087 444 2139 16.
469 2084 505 2139 ab
521 2084 575 2145 hoc
590 2105 714 2139 sermone
729 2086 869 2142 dimissus.
903 2090 939 2140 Et
954 2102 1096 2160 propterea
1112 2097 1142 2148 iu

167 2175 225 2229 Livii
241 2172 293 2237 40,
311 2171 355 2237 47,
374 2173 399 2224 8.
421 2172 541 2224 Dukerus
555 2171 669 2222 coniecit
688 2173 854 2224 scribentium
871 2192 929 2227 esse
947 2174 984 2228 ab
1007 2175 1060 2231 loc
1080 2199 1142 2250 spc-
1237 2172 1241 2177 ⁸

168 2260 268 2314 ctaculo
291 2259 379 2337 iegati
409 2258 526 2312 dimissi.
560 2255 611 2307 sed
630 2258 789 2307 contrariam
808 2259 964 2311 sententiam
983 2261 1016 2312 de
1033 2265 1142 2335 propria

168 2343 360 2414 praepositionis
386 2344 413 2394 vi
430 2343 483 2393 alia
502 2343 612 2394 suadent
628 2342 754 2411 exempla.
789 2341 878 2394 Livius
894 2339 945 2406 44,
974 2342 1027 2409 34,
1054 2347 1079 2400 6.
1105 2348 1141 2402 ab

167 2428 204 2483 lis
222 2430 381 2499 praeceptis
408 2429 567 2479 concionem
585 2427 703 2482 dimisit.
738 2426 798 2478 vid.
822 2428 1024 2480 Drakenborch.
1047 2432 1082 2481 ad
1094 2432 1140 2497 23,

167 2512 193 2577 6,
210 2514 234 2565 1.
259 2513 375 2566 Velleius
390 2516 447 2564 Pat.
461 2511 499 2576 2,
520 2511 587 2583 104,
603 2512 630 2564 3.
651 2515 781 2585 protinus
803 2510 839 2563 ab
859 2512 1022 2580 adoptione*
1033 2520 1142 2571 missus.

168 2600 214 2650 uie.
235 2600 271 2649 ad
293 2602 347 2648 Att.
365 2599 395 2659 1,
418 2595 443 2648 5.
468 2607 500 2649 ut
516 2598 638 2667 primum
653 2619 671 2650 a
689 2607 738 2649 tuo
756 2595 882 2667 digressu
896 2601 970 2652 ceni·
989 2600 1079 2652 Livius
1094 2601 1140 2667 27,

165 2683 193 2737 30
200 2724 207 2749 ,
227 2683 269 2735 17.
295 2686 357 2753 ipse
382 2679 419 2735 ab
446 2700 478 2751 eo
505 2681 623 2737 concilio
641 2683 736 2754 Argos
757 2700 906 2754 regressus.
929 2683 976 2734 ubi
993 2684 1047 2737 vid.
1068 2689 1139 2740 Dra-

166 2767 301 2820 lenborch.

192 2872 280 2923 Livius
306 2869 357 2935 33,
374 2860 425 2933 36,
451 2867 476 2920 6.
508 2868 606 2922 Castra
634 2882 718 2940 quum
739 2865 833 2922 hostes
852 2889 872 2921 a
890 2857 1026 2941 prospera
1043 2890 1142 2944 pugna
1165 2890 1168 2897 ·
1212 2902 1216 2909 «

164 2956 343 3029 nequidquam
369 2956 589 3034 oppugnassent.
607 2952 657 3012 22,
677 2949 732 3016 34,
752 2952 776 3002 1.
804 2952 840 3005 ab
869 2954 905 3030 ρ.
933 2950 1015 3018 Fabii
1038 2956 1141 3026 opibus

165 3050 187 3091 et
203 3039 352 3094 dictatorio
378 3035 495 3109 imperio
520 3041 668 3112 concusqis.
694 3037 713 3088 i.
732 3055 755 3118 e.
776 3049 917 3108 postquam
930 3040 1006 3091 Fabii
1021 3052 1141 3109 potestas

164 3124 241 3176 fracta
267 3129 332 3176 erat.
352 3126 397 3175 ubi
422 3127 460 3175 Io.
475 3126 556 3174 Henr.
572 3123 681 3178 Vossius
702 3123 758 3173 sine
777 3139 866 3175 caussa
893 3125 1041 3192 repudiavit
1057 3142 1140 3197 prae-

164 3212 322 3278 positionem.
356 3210 439 3286 Plinii
453 3209 523 3261 Hist.
540 3226 568 3263 n.
587 3203 638 3270 16,
660 3202 703 3269 39,
722 3200 765 3259 74.
793 3195 934 3283 Scipionis
957 3208 1057 3265 classis
1073 3232 1140 3286 qua.

164 3293 312 3368 dragesimo
337 3293 383 3348 dic
407 3315 427 3346 a
455 3297 543 3350 securi
567 3294 725 3362 nauigauit.
760 3291 779 3342 i.
803 3311 827 3343 e.
866 3303 1005 3363 postquam
1031 3299 1139 3351 ultores

164 3396 245 3432 caesae
261 3388 345 3431 erant.

190 3465 264 3516 ovid.
282 3464 363 3514 Trist.
380 3459 415 3527 4,
436 3462 485 3527 10,
505 3460 564 3514 121.
584 3471 616 3514 tu
632 3459 709 3525 miii,
728 3459 921 3532 quadrarum,
939 3467 1006 3519 vivo
1021 3463 1139 3519 sublime

163 3545 258 3603 dedisti
273 3566 387 3609 conten,
421 3544 457 3599 ab
483 3551 620 3619 exsequiis
650 3545 725 3621 quod
741 3545 808 3598 dare
824 3544 908 3614 lama
923 3549 1005 3603 solet.
1039 3552 1138 3604 Lucan.

163 3630 189 3697 3,
205 3633 250 3687 39.
272 3630 345 3687 nihil
364 3642 406 3686 est
422 3647 518 3684 sensus
535 3635 637 3686 animis
654 3651 673 3684 a
689 3642 777 3683 morte
797 3629 936 3686 relictum.
959 3634 1065 3685 dubium
1087 3647 1138 3701 est,

160 3732 188 3768 an
205 3720 240 3771 sit
258 3720 344 3781 idem,
375 3717 446 3786 quud
460 3716 494 3779 8,
518 3714 578 3767 749.
601 3716 683 3767 dixit:
710 3721 735 3769 si
764 3715 832 3788 quid
857 3735 953 3771 seusus
977 3729 1045 3787 post
1061 3715 1137 3788 fata

161 3803 288 3857 relietum.
309 3805 429 3872 Propert.
447 3800 482 3867 4,
496 3801 529 3865 4,
546 3799 571 3852 5.
593 3810 621 3852 et
634 3801 710 3853 ovid.
723 3804 790 3853 Met.
806 3799 848 3865 14,
863 3800 923 3856 362.
943 3799 978 3854 ab
994 3794 1075 3857 aestu
1086 3802 1136 3873 pro

161 3901 229 3956 post·
248 3898 364 3943 aestum.
390 3886 465 3938 ovid.
478 3889 549 3937 Fast.
569 3885 600 3949 1,
620 3884 678 3935 167.
704 3896 832 3957 tempora
848 3889 973 3940 commisi
993 3893 1136 3942 :vescentia

160 3970 234 4025 rebus
255 3973 393 4045 agendis,
414 3981 492 4025 totus
508 3968 545 4023 ab
567 3973 695 4040 auspicio
718 3967 844 4049 nesoret
858 3986 947 4024 annus
963 3974 1043 4025 iners.
1070 3975 1136 4026 Esse

160 4068 257 4124 potest,
281 4068 343 4127 post
357 4057 411 4108 tale
429 4055 587 4125 auspicium:
615 4056 750 4127 Gicsigius
775 4055 899 4125 explicat,
914 4068 1024 4129 propter
1043 4059 1134 4127 auspi-

160 4155 229 4193 011111.
