2618 4770
207 291 271 355 480
495 286 503 303 “
593 284 758 367 ATQVE.
804 287 872 352 AC.

311 446 344 496 In
362 442 413 494 hec
433 440 657 509 demonstratione
679 442 810 495 adduntur
828 442 962 496 interdum
987 444 1049 514 ipsa
1071 444 1207 498 vocabule
1221 446 1256 500 iu

277 540 306 584 et
322 530 370 582 sie.
404 522 762 592 Liv.4o‚12‚2'.sandem
782 531 851 583 uicit
869 529 995 582 dolorem
1015 533 1082 605 ipsa
1103 532 1255 593 necessitas,

276 632 361 687 quum
383 611 473 666 dicere
489 610 629 666 iuberent.-
644 624 729 684 atque
745 617 787 668 ita
805 632 884 667 orsus
898 626 948 668 est.
968 616 1011 667 Sic
1030 616 1105 667 enim
1124 616 1257 685 interpun-

277 700 400 770 gendum.
417 697 538 748 Frontin.
558 697 589 761 1,
606 695 640 764 4,
660 696 686 748 7.
706 692 812 749 nerrito
833 700 973 768 Iphicratis
990 710 1203 768 strategemate:
1224 711 1258 752 et·

281 805 333 858 que
353 788 396 838 ita
414 780 541 834 custodes
561 785 754 851 angustiarum
774 787 939 851 inopinatus
962 791 1109 856 oppressit
1135 808 1156 838 a
1182 796 1260 858 tergo.

215 920 218 927 ,
276 873 372 924 Horat.
388 871 443 917 Art·
462 884 488 933 p·
510 862 569 916 150.
586 875 616 920 et
635 882 707 935 qrsee
729 867 860 938 desperat
878 880 1000 923 tractata
1019 875 1162 937 nitescere
1176 889 1260 942 posse,

278 953 426 1026 relinquit:
443 961 529 1022 atque
547 951 587 1002 ita
609 955 759 1017 mentitur,
777 956 818 1007 sie
836 958 908 1008 ueris
920 950 1006 1026 falsa
1024 962 1170 1011 remiscet.

213 1091 220 1103 .
314 1059 407 1127 Atque
424 1072 459 1115 ex
477 1034 644 1116 eodieitur,
663 1064 693 1105 nt
709 1073 768 1106 cnm
789 1057 916 1124 temporis
934 1056 1142 1111 continuatione
1159 1060 1262 1111 conclu-
1286 1052 1290 1059 ⁸

280 1145 320 1196 sio
341 1140 467 1211 quaedam
485 1139 667 1205 coniungatur.
702 1143 809 1192 Sueten.
827 1144 893 1208 Aug.
910 1139 952 1192 94.
973 1141 1175 1214 obstrepentes
1186 1139 1263 1213 forte

280 1243 365 1280 renus
385 1222 466 1277 silere
486 1225 584 1276 iussit:
609 1234 693 1294 atque
713 1241 747 1278 ex
763 1243 797 1280 co
816 1237 952 1297 negentur
970 1226 1010 1282 ibi
1028 1249 1121 1284 ranae
1143 1246 1264 1282 ooaxure·

279 1313 339 1364 Tib.
356 1308 399 1362 54.

297 1418 327 1479 6.
358 1413 450 1492 Quae
471 1408 631 1500 temporis
654 1432 743 1476 nexu
764 1412 920 1500 proxime
949 1423 980 1477 et
1005 1416 1169 1480 continua
1186 1413 1289 1491 serie„

212 1497 408 1578 cohaerent,
431 1501 676 1585 coniunguntur
694 1521 754 1584 per
776 1516 915 1574 ATQVE:
950 1510 1017 1585 qno
1040 1508 1199 1579 notatur,
1224 1500 1263 1575 id,

214 1585 305 1672 quod
322 1581 444 1646 factum
461 1593 527 1664 est,
549 1584 672 1669 aequali
697 1583 747 1647 vel
773 1584 891 1648 eodem
907 1585 1010 1648 modo
1029 1586 1222 1650 continuari
1236 1595 1264 1648 et

213 1671 353 1735 transire
369 1670 403 1732 in
423 1669 519 1733 aliam
534 1692 605 1732 rem
623 1669 683 1732 sibi
728 1692 762 1746 er
775 1671 883 1757 ipsum
902 1673 1059 1757 [emporis
1076 1693 1263 1736 successum

214 1767 400 1842 cognatam.
443 1755 513 1819 Nos
530 1756 667 1819 dicimus
693 1692 773 1820 [llud
786 1771 825 1818 'so
841 1758 967 1841 sprucle
990 1780 1045 1832 er,
1071 1757 1167 1844 qnod
1184 1779 1263 1843 pro·

212 1845 285 1932 pris
302 1852 367 1907 est:
394 1841 540 1915 utillud,
564 1842 609 1904 ita
626 1841 690 1905 hoe
707 1841 830 1904 facium
850 1852 907 1904 esi.
931 1841 968 1905 ln
984 1841 1034 1906 his
1052 1866 1135 1908 vero
1153 1865 1261 1907 exem·

212 1929 278 2028 plis
293 1927 433 2013 plurima
450 1949 633 2024 pronomen
649 1927 944 1991 demonstrativum
969 1949 1042 1990 enm
1062 1941 1168 2017 utque
1183 1951 1263 1992 con·

143 2097 145 2101 ,
213 2025 362 2078 iunctum
381 2012 556 2077 exhibent:
588 2013 678 2099 quod
703 2022 779 2076 cnm
798 2035 859 2077 usu
877 2012 1054 2100 particulae
1073 2027 1114 2079 ot
1132 2037 1262 2100 compa·

212 2099 280 2165 reri
294 2110 415 2186 potest.
445 2098 510 2164 vid.
528 2123 561 2185 p.
575 2100 650 2163 420.

315 2221 401 2272 Tacit.
422 2220 490 2270 Hist.
510 2219 545 2283 3,
564 2219 605 2271 17.
624 2215 742 2288 firmati
763 2222 835 2273 inter
853 2236 898 2281 se,
920 2217 1011 2271 densis
1030 2218 1181 2273 ordinibus
1196 2224 1260 2273 erci-

282 2311 367 2379 pirent
389 2305 557 2359 Vitellianos
585 2316 684 2358 temere
704 2302 819 2375 effusos·
854 2306 945 2373 Atque
974 2303 1019 2358 illi
1043 2317 1258 2358 consternantur.

283 2394 353 2443 Hist.
375 2391 410 2455 1,
429 2390 471 2442 82.
498 2402 556 2442 tum
589 2389 666 2444 Otho
691 2389 800 2460 ingredi
823 2400 913 2440 castra
939 2408 1032 2443 aursus.
1073 2393 1170 2460 Atque
1188 2389 1257 2442 illurn

284 2474 388 2527 tribuni
406 2479 632 2543 centurionesque
649 2477 851 2527 circumsistunt
893 2475 987 2542 Virgil.
1007 2480 1072 2527 Aen.
1091 2473 1127 2539 6,
1150 2474 1206 2526 158.
1223 2475 1256 2526 cui

280 2556 497 2630 fiddsAebates
514 2564 537 2613 it
554 2578 651 2612 comes.
662 2588 696 2600 -
714 2562 804 2628 Atque
817 2558 862 2612 illi
878 2561 1023 2613 Misenum
1038 2565 1067 2613 in
1083 2560 1183 2613 littore
1197 2561 1254 2611 sicco

284 2656 317 2697 ut
334 2665 432 2698 venere
447 2655 497 2698 etc.
515 2648 534 2696 i.
552 2665 575 2698 e.
593 2645 650 2699 und
668 2649 720 2698 wie
737 2649 776 2699 sie
793 2662 825 2697 so
845 2642 951 2699 kamen.

317 2749 456 2802 Interdum
482 2749 559 2800 reddi
583 2759 672 2818 potest
697 2759 789 2799 nostro
819 2749 855 2800 da
874 2749 916 2800 rel
938 2756 1004 2798 nun.
1029 2748 1125 2798 'Plane
1154 2744 1256 2797 blostell.

287 2834 323 2896 2,
339 2835 375 2898 2,
393 2832 436 2884 55.
454 2831 563 2885 abimus
582 2851 675 2885 omnes
693 2833 831 2888 cubitum:
857 2820 1111 2886 condormivimuse
1130 2831 1256 2883 lucernam

279 2913 363 2987 sorte
383 2916 487 2979 oblitus
500 2914 617 2986 fueram
642 2924 833 2990 exstingueres
860 2932 943 2990 atque
963 2917 1011 2972 ille
1031 2917 1175 2969 exclamat
1194 2916 1256 2966 dere-

282 3012 365 3072 pente
383 3009 542 3057 niaximum.
569 3006 588 3055 i.
609 3025 632 3057 o.
653 3004 695 3057 iob
717 3005 795 3058 butte
814 3023 979 3074 vergessen,
1007 3002 1053 3053 die
1074 3003 1188 3069 Lampe
1202 3017 1253 3051 aus·

285 3085 447 3149 uuldscben,
480 3088 517 3141 da
541 3088 640 3140 schreit
660 3108 688 3141 er
706 3089 843 3158 plb'tzlicb
862 3085 920 3158 auf
960 3092 1025 3137 Stat.
1046 3087 1123 3136 Theb
1155 3082 1255 3145 9,481.

284 3171 416 3225 dixerat:
433 3183 517 3246 utque
536 3171 580 3226 illi
594 3191 652 3225 sese
671 3173 737 3227 deus
754 3172 859 3227 obtulit
878 3174 972 3225 ultro:
987 3171 1032 3223 ubi
1050 3171 1139 3238 glossa
1153 3189 1159 3220 τ
1180 3171 1208 3222 id
1224 3178 1259 3223 ett

191 3252 192 3257 ¹
284 3259 396 3325 statim,
416 3257 502 3312 illico.
538 3261 578 3308 Ita
596 3259 675 3309 etiam
691 3259 727 3315 ad>
741 3260 793 3323 12,
811 3259 871 3312 360.

301 3361 333 3422 7.
376 3360 489 3439 Quum
513 3360 613 3444 igitur
639 3383 694 3436 eu,
732 3385 814 3443 quae
853 3354 1008 3448 proximo
1040 3368 1067 3420 et
1109 3357 1260 3425 continno

216 3454 370 3530 tempore
403 3458 599 3524 evenerunt,
639 3446 749 3510 statim
779 3449 922 3512 evenisse
951 3447 1121 3513 (licuntur,
1145 3447 1260 3516 A‘TQVE

218 3553 312 3615 saepe
329 3529 373 3592 itu
391 3532 543 3616 ponitur,
567 3543 604 3593 ut
622 3532 777 3617 explicari
792 3535 884 3597 licent
906 3555 962 3617 pei·
978 3541 1008 3592 et
1026 3528 1158 3599 stetim,
1178 3539 1209 3590 et
1225 3524 1262 3586 il·

218 3615 296 3678 lico.
341 3615 379 3678 Id
398 3617 462 3679 iam
480 3628 603 3679 veteres
620 3621 824 3702 grammatici
843 3602 1263 3682 animantes-*term-

216 3700 413 3764 hius'Murc.
437 3708 494 3780 12,
516 3704 568 3765 44.
591 3700 771 3791 signrflcut
787 3703 892 3769 etium
916 3701 1071 3765 celeriter
1087 3710 1119 3761 et
1135 3698 1260 3768 stetim,

217 3797 256 3847 ut
276 3783 316 3848 V
312 3787 407 3871 irgit
429 3787 556 3873 Georg.
575 3794 609 3864 1,
633 3793 706 3853 202.
747 3786 790 3857 Et
812 3799 950 3876 possunt
974 3785 1081 3849 uil'erri
1106 3782 1262 3866 exempla,

217 3870 253 3932 in
278 3870 395 3956 quibus
423 3873 570 3936 videatur
601 3874 667 3960 ipsa
691 3877 837 3939 celeritas
871 3895 1021 3957 expressa
1049 3893 1136 3933 esse:
1174 3867 1263 3930 veluti

216 3953 315 4018 Rhet.
341 3956 380 4018 ad
405 3957 549 4021 Herenn.
577 3959 613 4031 4,
643 3964 703 4038 29,
728 3967 780 4025 39.
816 3960 852 4022 in
883 3976 953 4037 me,
982 3953 1148 4042 quidquid
1180 3951 1265 4018 libel·

217 4041 377 4104 statuite.-
400 4041 520 4122 dicite,
546 4054 649 4128 utqrre.
668 4043 914 4131 obtemperabo.
952 4042 1012 4106 Sed
1041 4041 1118 4102 haee
1135 4043 1268 4124 quoqne

219 4123 261 4187 ad
278 4147 353 4189 eum
369 4148 494 4192 nonum
513 4130 717 4216 proximum,
738 4151 838 4219 quem
854 4125 1047 4219 philosophi
1063 4126 1173 4190 nostri
1193 4125 1269 4189 bar-
