2618 4770
142 311 208 379 aso
326 305 600 391 amovisse.
642 306 1017 403 suaseramus

209 461 253 516 nbi
274 459 393 515 nonnulli
415 459 478 512 libri
498 460 626 531 praebent
649 448 982 538 aliquantum*'piariumi
1023 464 1171 532 011qu*

207 548 333 602 differant
351 542 521 613 loquutionei
539 548 683 621 66666666
711 551 859 617 pauciores
884 562 913 604 et
935 543 1032 605 mairie
1056 536 1167 623 parib

208 634 356 708 pauciores
372 628 489 701 Wolfius
509 631 544 682 nd
561 636 666 684 sueton.
687 634 761 685 Caes.
779 631 821 688 10.
840 635 961 701 6616616,
986 644 1015 686 at
1031 652 1080 689 non
1094 643 1171 707 οφ(

206 720 303 790 posuit.
337 714 388 786 Sed
405 713 477 783 quod
494 715 590 787 legitur
609 727 632 768 c.
648 715 691 768 68.
709 722 805 774 caruis
826 721 941 795 proediis
958 723 1108 795 irrumare
1123 739 1171 775 a·

206 800 390 861 versariorum
407 799 520 869 copias,
544 801 640 854 multis
665 800 794 872 partibas
818 802 875 875 ipsi
900 807 1064 874 panciores,
1085 801 1171 875 faci·

205 893 379 957 superarunt.
412 883 457 934 rix
483 886 629 954 comparari
653 897 774 957 poterat:
803 892 865 941 narn
886 889 982 941 mulcis
998 887 1119 959 partibus
1133 906 1171 943 e.

204 970 293 1023 multis
311 969 340 1019 in
356 965 439 1035 locis,
455 971 545 1022 multis
570 971 598 1022 in
624 971 779 1038 agminibus.
820 966 985 1046 Aliquanto·
1001 977 1090 1046 magis
1112 975 1171 1027 dix

204 1074 254 1125 pro
275 1055 361 1106 multo
386 1058 478 1126 magis
495 1054 621 1119 Quinctil.
639 1052 672 1121 4,
689 1057 722 1120 2,
740 1056 786 1111 21.
800 1076 887 1132 caque
910 1063 983 1114 eninr
1008 1060 1125 1112 narratio
1143 1063 1171 1116 a·

207 1139 261 1193 doc
279 1149 389 1211 reperta
406 1150 470 1203 est,
489 1151 521 1192 ue
536 1150 647 1193 tantum
671 1136 821 1211 cossndscat
845 1142 945 1206 iudex,
972 1143 1023 1198 secl
1038 1140 1170 1217 idquae

207 1227 316 1297 aragisi
334 1233 366 1276 61
384 1214 548 1279 censentiret.
582 1222 616 1288 3,
633 1223 667 1288 8,
685 1223 728 1281 39.
747 1235 775 1278 ct
789 1229 895 1279 Suetou.
914 1229 975 1281 Tib.
991 1218 1044 1280 52¹

71 1346 76 1355 ·
184 1358 190 1369 ·
219 1327 249 1417 4
277 1322 434 1392 Adiectio
458 1320 673 1425 6116666666
700 1348 769 1413 pro
795 1329 999 1429 subsiantivo
1023 1310 1120 1431 positi
1140 1357 1170 1399 e

136 1412 1170 1570 1101161611110111111111111111116111111111

137 1520 267 1650 11111111]
292 1583 413 1647 dixisse
429 1540 696 1675 irapidatiouen'c
711 1545 927 1733 clipundium
940 1581 1096 1652 edebant.
1111 1525 1130 1590 g

218 1672 237 1711 ⁴¹
269 1662 492 1732 Confunditur
513 1660 691 1754 aliquanto
714 1668 749 1732 in
785 1665 864 1734 ibris
889 1684 965 1734 cum
989 1662 1170 1759 aliqu-ancl<

136 1753 179 1818 ob
195 1751 359 1818 scribendi
371 1746 608 1841 compendium
629 1746 780 1839 eliquari.
808 1755 874 1820 vid.
889 1750 1028 1822 Bentlei.
1047 1759 1087 1822 ad
1104 1758 1170 1823 Te-

134 1841 348 1904 rent.Heaui.
374 1842 410 1922 1,
430 1846 469 1920 2,
491 1840 545 1902 27.
574 1827 745 1902 Drakenb.
777 1839 819 1904 66
834 1838 903 1906 Liv.
929 1847 969 1919 2,
995 1847 1055 1924 19,
1075 1840 1106 1909 5.
1136 1846 1170 1910 5.

135 1928 195 2006 26,
216 1929 246 1988 6.
281 1926 318 2004 5,
340 1928 400 2005 29,
425 1922 457 1988 5.
482 1939 558 1986 cum
582 1915 942 2070 aliprrantulrc'mffid.
958 1922 1114 1993 Terreni.
1129 1928 1170 1993 ad

134 2009 206 2075 Vol.
222 2010 312 2075 iiinx.
331 2012 370 2089 3,
394 2013 423 2072 1.
446 2010 512 2073 exi.
533 2014 562 2071 1.
587 2008 635 2071 Ge
660 2004 754 2074 hard.
771 2012 812 2076 66
827 2011 896 2079 Lrv.
917 2017 954 2090 1,
976 2010 1017 2093 7,
1036 2018 1068 2079 9.
1089 2008 1133 2081 Dr
1151 2042 1169 2062 ε

136 2094 238 2162 kenb.
255 2095 350 2176 667,
372 2097 432 2177 36,
454 2096 486 2160 5.
518 2097 580 2176 39,
602 2097 663 2176 29,
687 2098 718 2159 1.
1132 2112 1140 2141 ¹

131 2239 671 2368 6616666666.
682 2247 1162 2369 6616666666,

194 2408 390 2481 .Vocabniis
418 2422 700 2494 ALinAN'ivLVM
723 2420 755 2482 et
776 2427 1031 2497 sutquu'rvno
1062 2418 1163 2485 omnia

132 2502 421 2581 communissent,
437 2522 518 2589 quae
535 2503 570 2565 in
588 2503 802 2590 aliquantum
817 2506 850 2569 ei
872 2504 1051 2593 aliquanto
1066 2515 1162 2571 ‘nota-

128 2586 254 2654 iimus:
278 2610 334 2666 en,
354 2609 396 2652 ne
413 2588 534 2652 iterum
552 2600 736 2676 ponamus,
759 2589 832 2676 ipse
853 2589 937 2654 vide.
980 2593 1088 2679 Aique
1106 2584 1163 2657 ’66

128 2675 289 2738 minuties
307 2673 418 2738 forma
435 2673 470 2737 in
489 2670 551 2736 hae
572 2676 754 2738 accessione
770 2674 809 2737 66
829 2669 1091 2760 magnitudinem
1112 2675 1163 2754 de·

128 2754 323 2845 signandam
340 2777 459 2847 parum
486 2756 615 2835 differi,
642 2757 704 2822 nisi
728 2759 908 2824 modestiae
934 2763 1040 2847 magis
1062 2763 1163 2828 inser·

127 2842 216 2923 6161,
241 2843 335 2908 sicuti
355 2861 418 2908 nos
441 2857 638 2931 usurpamus
667 2843 767 2909 verba
798 2845 863 2924 ein¹
880 2845 1079 2929 Weilclcerc,
1114 2847 1164 2913 ein

126 2929 281 2995 ziemlielr
310 2928 365 2993 W
361 2929 510 3010 silebere,
550 2929 606 2992 eiu
627 2926 801 3017 Bisselcen.
852 2929 891 2994 In
923 2927 1014 2996 libris
1039 2926 1102 2997 scri
1126 2933 1163 2998 u's

110 3013 195 3082 ,fere
212 3016 334 3100 ubique
352 3015 392 3078 de
417 3014 593 3078 sendimus
603 3023 778 3100 utramque
794 3014 892 3079 simul
906 3013 1065 3083 formam.
1094 2956 1168 3105 xiid.

107 3099 293 3167 Drakenb.
318 3100 356 3164 66
408 3100 450 3165 iv.
476 3104 515 3179 7,
542 3103 602 3180 36,
627 3098 666 3180 5,
697 3104 757 3176 21,
782 3105 841 3181 12,
874 3106 922 3165 2.Δ
953 3103 1164 3193 Oudendorp.

125 3186 166 3250 ud
184 3186 321 3250 566166.
337 3185 415 3248 Ner.
432 3187 486 3249 48.
501 3186 638 3270 interpr.
654 3183 694 3247 66
711 3184 779 3248 Cios
795 3185 908 3250 Parad.
927 3193 965 3268 3,
988 3195 1018 3252 1.
1062 3188 1102 3253 16
1110 3199 1165 3254 ’16-

122 3294 201 3336 men
217 3271 404 3334 observasse
421 3269 504 3334 mihi
519 3268 645 3346 videor,
663 3268 750 3356 apud
769 3271 964 3337 Ciceronem
979 3283 1012 3336 et
1025 3273 1165 3363 Livium,

124 3356 375 3445 aliquantulum
387 3378 457 3420 non
475 3354 674 3420 substantiva
698 3353 827 3438 forma,
853 3378 935 3443 quae
956 3359 1165 3444 666136616-

122 3465 165 3509 66
190 3442 312 3506 666166
338 3450 431 3518 atur,
460 3440 630 3525 usurpari:
665 3443 802 3504 namin
827 3443 894 3508 Cic.
916 3444 956 3507 de
975 3442 1046 3508 inv.
1069 3451 1109 3526 2,
1133 3449 1164 3526 9,

121 3535 175 3593 29.
198 3540 230 3591 et
245 3527 285 3591 de
299 3464 368 3590 rin.
386 3526 426 3604 4,
449 3527 509 3606 24,
530 3529 583 3588 66.
600 3525 749 3611 plerique
767 3527 896 3592 codices
919 3539 951 3591 et
967 3529 1090 3616 optimi
1105 3550 1164 3593 ex·

121 3613 237 3677 hibent
250 3611 483 3699 aiiqrruntum,
504 3631 591 3673 nune
607 3610 856 3675 restituendum.
886 3613 988 3678 Verbi
1003 3607 1164 3702 aliquan·

121 3700 191 3763 tulo
207 3719 278 3779 non
293 3698 356 3761 nisi
370 3716 476 3760 unum
491 3695 681 3781 exemplum
697 3696 807 3761 inveni
823 3699 910 3784 apud
928 3699 1123 3786 Vopiscum.

223 3801 276 3852 cic.
290 3798 382 3850 Parad.
400 3795 434 3863 3,
455 3797 480 3849 1.
496 3800 558 3851 66νί
575 3814 674 3871 navem
687 3809 796 3852 evertat
812 3797 982 3869 gubernator
1000 3820 1037 3853 66
1053 3800 1163 3871 paleae,

187 3887 217 3938 in
237 3905 267 3938 rc
292 3881 515 3953 aliquantulum,
542 3885 571 3935 irc
593 3880 788 3953 gubernatoris
808 3886 919 3937 inscitia
943 3883 1162 3941 nihilitatem&

188 3983 246 4020 curn
268 3968 353 4019 ironia
376 3968 503 4036 quadam,
529 3966 583 4017 sivo
608 3967 740 4035 intelligas
765 3968 889 4033 multum,
913 3971 968 4022 sive
993 3971 1103 4039 aliquid.
1130 3972 1161 4024 do

183 4055 243 4106 Div.
263 4052 292 4119 1,
317 4052 366 4114 33,
384 4053 427 4106 73.
446 4070 529 4124 quum
546 4062 639 4104 autem
661 4049 869 4121 aliquantulum
892 4073 1057 4126 progressas
1082 4069 1161 4123 essee,

187 4137 279 4194 subito
304 4137 449 4194 exaudivit
469 4136 618 4194 hinnitum.
654 4139 727 4190 orat.
753 4131 804 4199 40,
830 4136 888 4192 138.
914 4150 944 4193 ut
969 4163 988 4196 a
1011 4145 1160 4214 proposito
