2618 4770
456 335 629 419 rrovu.
671 300 739 404 nd.
796 374 804 415 -,
1061 342 1125 409 ass

66 512 165 573 mus,
194 491 338 589 proprie·
354 488 673 638 Signififfltssifflp
685 490 900 581 eamdemque
922 491 1024 558 babet
1045 492 1122 594 for-

66 599 274 745 ‘tlte‘ttl
292 578 952 755 Pllf'tttttttmtttttttttttt
967 578 1121 731 titt

65 750 139 815 lum
156 748 282 839 deque.-
303 749 355 811 eui
371 748 477 811 simile
493 759 537 812 est
558 747 692 835 absque.
725 748 770 815 Et
787 751 822 813 in
838 751 996 815 Formula
1011 752 1118 831 Dotis,

66 857 169 922 quam
184 834 325 897 Bcckius
340 834 494 922 singulari
511 832 623 897 libello
640 834 814 899 illustravit
824 836 912 919 (vide
928 858 1004 900 eum
1018 861 1052 925 p.
1069 836 1117 924 7.)

64 923 100 985 in
119 918 386 1006 inscriptionibus
409 919 498 1005 apud
516 920 649 982 Gruter.
665 941 700 1005 Ρ.
716 924 789 991 266,
816 927 845 984 1.
867 945 903 1008 p.
919 927 994 987 337.
1021 944 1050 988 v.
1063 928 1117 989 21.

65 1008 142 1070 412.
159 1011 227 1070 n.3
247 1016 279 1070 et
294 1009 326 1068 4.
349 1004 429 1092 (vid.
446 1005 558 1068 Noris.
576 1006 612 1068 in
627 1005 812 1092 Cenetaph.
836 1008 900 1070 Pis.
918 1007 1005 1071 Iliss.
1031 1008 1063 1087 4,
1083 1014 1133 1091 2,

63 1099 95 1157 2.
114 1115 155 1241 p.
173 1092 246 1156 453.
269 1089 304 1177 'p.
321 1089 551 1175 215.Harles.)
568 1100 600 1154 et
623 1090 659 1153 in
684 1091 850 1155 codicibus
875 1093 1116 1178 antiquioribus

65 1179 110 1262 (vi
137 1177 350 1242 cBurmann.
370 1175 410 1238 ad
425 1175 562 1238 Sueten.
590 1176 681 1239 Caes.
705 1181 757 1244 29.
788 1176 894 1241 Maius
919 1178 960 1242 ad
983 1178 1051 1243 Cic.
1074 1178 1116 1245 de

62 1264 147 1351 Rep.
165 1268 202 1342 1,
224 1268 256 1325 7.
279 1261 430 1325 Blumius
449 1261 489 1323 de
504 1261 590 1324 Livii
605 1261 719 1325 codice
736 1263 910 1327 veronensi
939 1264 974 1327 in
996 1263 1114 1329 Museo
1138 1314 1141 1319 -

62 1349 213 1447 rhenano
229 1346 270 1410 ΙΙ.
287 1371 321 1433 p.
336 1348 425 1425 342.)
435 1345 555 1431 legitur
567 1365 702 1424 ADQVE.
714 1347 805 1432 quod
818 1349 944 1413 etiamsi
951 1350 1113 1498 imperitis

62 1435 176 1499 scribis
193 1444 224 1498 et
240 1431 418 1496 artificibus
434 1453 504 1494 non
524 1431 630 1495 doctis
651 1432 835 1512 tribuatur,
866 1444 978 1497 tamen
1015 1436 1112 1502 enio-

59 1544 134 1585 rem
152 1519 480 1606 pronuntiationem,
499 1539 564 1603 qua
581 1518 629 1581 illi
651 1518 781 1605 decepti
803 1518 946 1593 fuerint,
967 1520 1112 1587 ostendit

60 1608 160 1693 vulgo
177 1606 432 1690 frequentatam.
476 1601 666 1668 Gerhardus
682 1605 836 1685 Vossius,
856 1615 892 1668 ut
908 1604 1042 1671 deceret
1054 1618 1112 1691 at·

60 1716 123 1780 qne
140 1714 180 1754 ex
201 1701 366 1776 aretque
387 1688 512 1753 factum
529 1710 616 1771 esse,
646 1689 860 1778 reprehendit
872 1686 1112 1775 Becmannum,
1215 1768 1219 1773 Ι
1249 1758 1255 1773 ,

60 1779 117 1864 qui
136 1801 178 1839 ac
193 1777 395 1843 decurtatam
422 1773 567 1839 formam
590 1776 746 1840 vocabuli
768 1788 888 1863 atque,
912 1777 981 1851 sive
1006 1798 1112 1862 acque

59 1862 291 1949 appellaverat.
341 1861 406 1925 Sed
427 1860 493 1925 hoc
520 1883 634 1925 verum
662 1883 753 1942 esse,
786 1863 835 1927 vel
857 1864 987 1948 ipsum,
1017 1860 1111 1949 quod

57 1948 197 2011 Vossius
213 1946 317 2025 aliert,
341 1946 530 2035 exemplum
546 1947 637 2011 verbi
653 1971 716 2012 nec
730 1949 948 2034 comprobat:
972 1946 1007 2011 id
1018 1948 1109 2011 enim

57 2035 92 2096 in
114 2032 267 2097 sehabet
291 2034 360 2097 vim
382 2033 561 2119 copulandi
581 2056 642 2121 per
665 2057 727 2120 qne
750 2036 951 2131 expressam.
999 2033 1109 2118 Atque
1133 2032 1137 2041 “

57 2119 143 2182 banc
168 2140 242 2181 rem
268 2128 363 2183 acute
382 2130 595 2206 perspexerat
614 2140 699 2182 uuus
723 2119 885 2207 Scaliger,
911 2119 952 2183 de
979 2118 1108 2183 Caussis

57 2207 130 2268 Lat.
149 2204 228 2292 ling.
257 2210 295 2286 1,
317 2210 381 2280 22„
406 2204 496 2267 cuius
520 2205 716 2268 sententiam
739 2205 946 2269 Becmannus
967 2202 1108 2269 fideliter

58 2300 214 2379 sequutus
235 2300 307 2353 est.=
337 2290 453 2375 Neque
480 2290 579 2372 igitur
600 2311 676 2352 cum
693 2289 1106 2393 Vossio-gqqcensebimm

58 2387 169 2438 ortum
186 2398 287 2439 essee
305 2377 432 2441 Graeco
453 2379 522 2455 καί,
545 2386 672 2439 mutato
686 2377 871 2443 litterarum
887 2376 1021 2455 ordine,
1043 2396 1106 2439 ne·

57 2484 120 2546 que
137 2484 213 2525 curn
228 2461 297 2524 aliis
313 2462 474 2553 originem
492 2462 673 2551 particulae
688 2484 883 2547 quaeremus
899 2463 935 2525 in
949 2461 1104 2545 hebraico

55 2566 115 2627 m,
143 2547 200 2611 scd
223 2557 427 2611 contractam
451 2569 565 2610 vocem
590 2558 690 2632 atque
714 2570 948 2635 agnoscemus:
979 2548 1105 2645 quippe

56 2635 131 2720 quia
149 2643 236 2696 certa
259 2632 457 2696 documenta
474 2630 646 2719 copulatae
670 2634 952 2720 proamitiationis
975 2632 1103 2696 littera-

53 2740 129 2783 rum
157 2719 182 2781 C
210 2730 242 2782 et
268 2718 301 2780 T
323 2719 548 2782 assentantium
573 2719 670 2781 etiam
695 2720 728 2789 in
753 2719 823 2783 aliis
849 2717 1017 2783 vocabulis
1042 2738 1103 2781 ex-

54 2813 152 2866 stant.
198 2805 302 2868 Sicuti
327 2828 369 2889 qc
391 2826 477 2893 pene
506 2816 562 2883 otc
587 2804 742 2884 sonabat,
771 2807 817 2869 ita
842 2804 942 2868 anolo
968 2824 1102 2889 quoque

54 2889 188 2966 entole,
212 2890 302 2975 quod
324 2882 391 2952 cr'a't
409 2882 525 2967 ἆντλῶ,
555 2911 616 2952 nec
643 2890 847 2968 discrepabat
871 2890 1102 2975 pronuntiatio

52 2974 233 3038 verborum
257 2976 453 3062 quicquam,
481 2976 624 3047 iccirco,
662 2986 695 3039 et
717 2974 921 3063 quidquam,
960 2974 1101 3039 idm‘rco.

52 3060 180 3126 Tamen
196 3061 263 3123 iam
276 3061 417 3146 'antiquis
441 3060 649 3147 temporibus
669 3062 766 3124 multi
792 3071 902 3141 crant,
927 3061 983 3146 qui
998 3072 1101 3128 attus

52 3158 84 3209 et
103 3170 144 3210 ac
161 3148 301 3210 omnino
325 3139 467 3209 diversis
495 3169 564 3209 esse
590 3147 813 3210 existimarent
830 3168 946 3226 voces,
979 3084 1100 3231 quibua
1139 3150 1143 3159 ’

50 3254 121 3295 nou
139 3254 242 3294 unum
259 3231 504 3316 significationis
528 3232 692 3317 ambitum·
705 3233 917 3318 assignarent.
958 3227 1008 3294 lta
1023 3231 1098 3293 Nc-

48 3319 122 3381 nius
139 3317 313 3381 Marcellus
338 3320 465 3391 1244.
489 3317 591 3381 aliter
614 3341 677 3412 ego
688 3315 763 3405 seni
789 3329 821 3381 et
845 3317 1000 3404 loquutus
1022 3338 1099 3378 sum

50 3415 151 3489 atque
166 3414 223 3483 tu,
245 3403 307 3467 boc
328 3415 378 3467 est
394 3403 498 3467 aliter
513 3426 577 3488 ego
597 3427 639 3466 ac
654 3414 691 3465 tu
715 3402 891 3490 adquam
914 3414 962 3467 tu.
1007 3399 1097 3465 uha-

47 3490 143 3552 risius
168 3512 201 3575 p.
228 3491 301 3554 204.
331 3500 387 3553 ast
414 3526 452 3537 -
475 3511 544 3574 pro
576 3500 694 3574 atque,
731 3511 797 3573 pro
822 3512 880 3569 ac,
905 3509 974 3573 pro
999 3508 1096 3571 ergo.

46 3575 201 3661 Apuleius
222 3575 262 3638 de
278 3574 438 3661 Orthogr.
459 3598 493 3661 p.
517 3579 588 3637 132.
607 3574 683 3637 edit.
694 3570 784 3641 Maii.
803 3573 893 3661 quorl
906 3572 989 3636 olim
1003 3572 1096 3635 scrin

45 3658 188 3723 bebatur
203 3682 271 3744 per
286 3661 335 3736 D,
362 3659 418 3724 cd
454 3683 502 3723 uc
527 3660 736 3742 coniunctio,
758 3682 847 3724 nrrnc
863 3669 1003 3743 atque.
1043 3655 1108 3721 Et·

47 3756 93 3809 at
112 3757 144 3809 et
169 3744 226 3808 acl
238 3768 306 3830 pro
329 3770 377 3809 ac
401 3685 482 3808 olim
510 3742 708 3825 dicebatur,
736 3756 774 3809 ut
795 3752 1015 3807 neonumenta
1038 3754 1095 3805 te·-

44 3832 450 3914 stuntur(antiquissimu.-
484 3843 606 3916 postea
635 3853 701 3917 per
729 3831 773 3906 G,
805 3853 860 3893 ac⁴
877 3824 1093 3927 differentiae

43 3918 166 4003 gratio
198 3915 301 3980 scribi
322 3917 455 3999 placuit
475 3917 592 3980 Plinio
618 3927 769 3986 auctore.
801 3939 844 3978 ne
867 3912 966 3976 ultrici
986 3934 1092 3999 quum

45 4004 205 4088 capitium
220 3999 421 4088 significare
438 4004 621 4067 videretur.
660 4004 861 4087 Argumenta
875 3998 965 4065 nulla
981 4019 1092 4085 expo-
1194 4054 1197 4061 .

44 4099 195 4153 sirerunt.
247 4093 460 4172 Quarnquam
488 4088 648 4152 vocabula
672 4087 752 4149 baec
781 4108 852 4149 non
883 4085 944 4153 alia
967 4082 1089 4148 renisi

43 4172 158 4239 forma
172 4184 205 4239 et
218 4174 297 4239 loco
317 4173 405 4238 intcr
434 4173 657 4239 sedifferunt.
696 4172 826 4237 Locum
837 4182 840 4187 '
853 4171 943 4237 enim
965 4168 1089 4235 intelli·-
