2618 4770
198 286 261 350 472
325 229 327 234 ’
412 325 417 333 .
470 332 474 341 ,
573 275 739 358 move.
793 277 860 343 sc,

270 438 332 505 rag.
350 434 402 498 rs,
425 431 457 498 1,
476 431 528 497 ae,
545 429 571 482 4.
606 428 661 491 cr..
682 431 715 483 a.
736 434 791 484 nv.
819 430 853 496 1,
877 390 929 493 ss,
961 427 1005 485 ss.
1032 446 1088 500 pro
1115 446 1152 482 00
1179 448 1211 482 ss
1232 434 1253 484 a

204 515 208 521 ⁵
273 537 429 577 concessum
454 519 501 571 sit.
536 518 751 586 Post,proscims
777 517 832 568 Cic.
857 515 891 566 ad
915 518 989 566 Fam.
1013 513 1047 580 9,
1074 512 1126 579 18,
1154 512 1180 566 4.
1206 533 1253 567 nors

182 648 185 655 .
274 623 388 678 possum
415 619 467 673 ego
494 619 550 654 non
574 611 624 652 aut
643 605 771 670 proxime
796 610 880 669 atquo
906 599 971 667 ills,
997 604 1156 654 autetiam
1178 617 1255 671 aequo

281 688 420 745 laborare.
437 688 490 738 vid.
509 686 635 738 Schelleri
654 688 762 738 Observ.
778 705 805 754 p.
826 685 885 738 174.

311 813 369 861 Huc
388 807 505 877 pertinet
522 807 601 858 etiam
618 807 724 857 verbum
742 815 866 868 satutare,
894 804 964 872 quod
980 804 1089 873 ponitur
1108 820 1163 870 pro
1185 801 1257 854 aliud
1296 796 1298 805 ¹

276 912 345 949 esse.
372 895 456 946 Plaut.
482 891 539 942 Mil.
561 889 594 954 4,
612 891 647 955 8,
664 890 707 944 37.
723 882 868 962 'nampuid
886 889 996 945 videtur
1014 889 1164 943 demutare
1182 903 1258 960 atque

279 982 320 1032 uti
338 996 389 1048 ego
409 977 494 1031 disi?
514 977 606 1046 Amph.
624 975 704 1044 1,1‚
724 974 783 1026 118.
805 991 892 1044 usqua
912 993 941 1029 ss
958 974 1025 1028 luna
1043 993 1191 1048 qaisquam
1209 995 1258 1027 mu·

277 1075 322 1117 sat
342 1074 424 1133 atque
443 1065 487 1116 uti
503 1073 602 1116 exorta
620 1059 774 1116 ost-samal.

295 1185 346 1244 16.
381 1180 447 1244 Sed
474 1180 571 1244 etiarn
594 1178 774 1265 vocabulo²
812 1177 1185 1266 quodsrmduudmm
1213 1179 1259 1242 rel

212 1265 512 1331 dissimilitudinem
530 1265 699 1357 significet,
721 1282 1002 1355 omiss02101TQvE
1017 1265 1259 1351 comparationi

211 1353 348 1416 inservit
360 1353 424 1428 ita,
455 1363 493 1415 ut
509 1375 551 1415 oe
573 1374 630 1425 ue,
651 1344 898 1435 166166νῖνοί
915 1349 1003 1414 aliud
1019 1349 1117 1414 huius
1136 1352 1260 1435 generis

212 1437 350 1500 verbum
372 1374 621 1524 intelligentium
649 1438 701 1499 sit.
744 1373 781 1499 ld
809 1433 939 1499 facile'e
955 1445 1116 1500 contextu
1146 1435 1260 1499 verbo-

99 1536 103 1554 ·
211 1542 289 1586 rum
306 1523 481 1612 colligitur.
524 1522 698 1609 Propriam
718 1522 897 1608 particulae
921 1524 989 1586 vim
1010 1522 1176 1606 aequandi
1193 1522 1259 1606 quis

212 1629 284 1671 non
298 1608 474 1696 agnoscat?
496 1606 654 1671 Oratores
678 1618 791 1672 tamen
816 1607 1043 1673 abstinuerunt
1066 1605 1130 1671 hac
1156 1607 1260 1672 brevi-

213 1702 296 1760 tate:
320 1716 390 1759 non
406 1695 487 1758 item
504 1692 742 1758 iurisconsulti.
762 1712 766 1727 ·

319 1786 413 1867 'Plano
439 1817 497 1871 Cas.
521 1812 555 1878 4,
574 1813 607 1879 4,
624 1814 668 1867 21.
694 1812 795 1868 nebula
813 1811 889 1865 hand
907 1823 949 1866 est
963 1811 1060 1866 mollis
1081 1824 1168 1884 atque
1187 1811 1259 1866 huius

284 1909 336 1952 est.
363 1901 408 1953 ubi
432 1900 572 1953 Lambinus
596 1899 700 1950 addidit
725 1917 827 1969 aeque,
857 1898 904 1950 sed
928 1899 994 1950 bene
1019 1899 1166 1950 illustrarit
1193 1918 1260 1950 usum

237 1984 240 1989 ’
283 1985 443 2037 Taubmann'.
460 2002 537 2053 quem
553 1984 613 2035 vide
630 1984 707 2035 etiam
729 1984 761 2034 ad
780 1984 873 2052 Amph.
888 1983 923 2047 2,
943 1980 977 2047 4,
995 1982 1021 2034 8.
1046 1994 1074 2045 et
1097 1985 1223 2036 stewech.
1241 2003 1258 2034 s.

283 2087 309 2122 v.
329 2089 425 2142 aeque.
456 2071 550 2123 Bacch.
567 2069 602 2132 8,
623 2069 655 2130 6,
676 2069 719 2120 20.
739 2084 818 2138 quom
835 2087 894 2122 esse
909 2073 1028 2121 amicum
1047 2080 1126 2121 ratus
1145 2088 1204 2120 sum
1221 2080 1258 2120 at-

284 2172 337 2225 que
351 2158 430 2226 ipsus
448 2172 509 2208 sum
527 2153 602 2208 utili.
634 2154 745 2222 Priapei.
762 2152 812 2217 32,
831 2152 858 2203 7.
882 2169 951 2223 qnae
977 2171 1058 2205 succo
1082 2166 1160 2206 curet
1183 2167 1259 2221 atque

285 2243 377 2311 putris
392 2259 504 2310 pumex.
540 2241 594 2291 Cic.
611 2239 645 2290 ad
662 2240 733 2290 Fam.
755 2237 806 2300 12,
827 2237 868 2290 18.
888 2255 974 2308 neque
991 2240 1063 2291 enim
1083 2242 1208 2291 omnium
1225 2242 1259 2290 in·

284 2321 359 2376 dicio
369 2324 464 2376 malim
473 2343 539 2376 mea
552 2335 578 2377 ts
586 2319 771 2378 commendari
781 2362 788 2388 ‚
805 2326 955 2394 quaaripsi
963 2333 1011 2374 tuo
1020 2321 1125 2376 iudicio
1135 2322 1219 2394 digne
1231 2343 1259 2375 aa

225 2411 228 2415 ’
286 2425 392 2462 mereor
409 2408 617 2461 commendatus
637 2425 704 2462 esse.
740 2411 780 2459 lte
798 2409 916 2460 restituit
936 2409 1086 2471 Ernestius,
1112 2427 1258 2478 quamquam

284 2491 352 2544 adeo
371 2492 403 2545 de
420 2494 507 2547 verbis
525 2513 558 2547 ac
576 2511 681 2548 mersor
697 2495 836 2549 sollicitus.
870 2495 922 2546 Sed
940 2495 994 2547 vid.
1012 2493 1142 2545 Schelleri
1161 2496 1258 2547 Obserr.

284 2593 313 2645 p.
331 2575 389 2628 178.

333 2679 376 2733 Sic
396 2682 474 2734 etiam
492 2682 521 2732 in
544 2682 657 2734 formula
674 2696 707 2734 ac
726 2685 759 2735 si.
793 2681 898 2733 Paullus
916 2681 945 2732 in
966 2682 1069 2749 Digest.
1094 2697 1120 2748 2,
1139 2681 1182 2747 14,
1199 2682 1223 2746 4,
1239 2682 1260 2745 8,

286 2763 472 2818 conditionem
489 2769 577 2820 inesse
592 2765 789 2835 stipulationi,
807 2776 889 2836 atque
908 2770 933 2819 si
948 2765 999 2817 lios
1018 2785 1181 2836 expressum
1193 2765 1278 2838 fuis·-

287 2859 336 2900 sst.
373 2850 425 2916 19,
443 2852 477 2914 2,
499 2850 541 2904 54.
560 2852 747 2921 Tryphoniuus
769 2849 819 2914 28,
838 2850 872 2913 8,
890 2850 934 2905 76.
968 2853 1026 2902 Alia
1046 2852 1092 2903 vid
1121 2855 1191 2921 apud
1209 2844 1270 2904 ste?

288 2935 369 2986 wech.
400 2938 540 3006 Inscriptio
559 2938 628 3006 apud
648 2939 789 2988 Gruterum
804 2956 830 3005 p.
847 2934 916 2999 475,
937 2935 963 2988 3.
989 2937 1198 3007 contumeliaque
1220 2957 1262 3008 pu·

288 3013 385 3085 blicis,
408 3041 441 3074 ac
458 3025 482 3075 si
502 3021 611 3074 decurio
630 3017 779 3089 frueretur.

308 3141 359 3200 17.
390 3140 474 3204 Vsus
491 3139 671 3227 particulae
686 3157 815 3231 ATQvn,
828 3150 911 3225 post
923 3138 1160 3221 adiectivorum
1179 3162 1264 3203 com-

221 3222 405 3306 parativos,
439 3227 473 3289 in
498 3248 564 3311 quo
589 3248 625 3288 ea
649 3223 688 3288 ad
714 3225 817 3288 vicem
842 3224 993 3289 vocabuli
1011 3249 1114 3313 quam
1132 3247 1265 3314 proprus

208 3300 553 3385 'secedit'3m0tandus
570 3321 617 3375 est
630 3320 769 3400 propter
783 3311 875 3397 ipsos
893 3321 1039 3377 auctores
1056 3323 1088 3376 et
1104 3323 1265 3398 tempora.

225 3391 380 3458 Oratores
403 3397 489 3459 enim
512 3395 573 3458 hac
601 3395 744 3459 dictione
776 3417 978 3482 numquam,
1020 3409 1076 3461 aut
1105 3397 1267 3461 rarissime

223 3490 378 3554 utuntur,
412 3481 615 3568 frequentius
640 3492 767 3566 poetae.
810 3482 849 3544 Et
876 3481 1038 3546 veteribus
1064 3506 1101 3546 ea
1126 3485 1192 3546 iam
1214 3504 1267 3544 co-

226 3565 332 3715 gpita·
349 3576 435 3632 erat:
471 3568 717 3643 recentioribus
736 3567 911 3654 elegantiae
935 3591 1046 3634 caussa
1068 3588 1268 3656 magnopere

224 3662 359 3739 putruit.

326 3772 412 3823 Plaut.
430 3775 511 3824 Merc.
528 3769 561 3836 5,
581 3772 615 3835 2,
632 3768 675 3826 56.
698 3773 813 3825 amicior
839 3769 907 3824 rntln‘
929 3771 1025 3828 nullus
1049 3775 1122 3826 vivit
1146 3781 1230 3842 atque
1246 3769 1267 3820 is

292 3866 342 3909 cst.
377 3860 486 3910 Terent.
505 3858 586 3909 Andr.
603 3854 637 3922 4,
656 3857 690 3920 2,
709 3855 750 3907 15.
770 3874 826 3908 non
847 3855 993 3923 Apollinis
1014 3860 1268 3928 magisvsmmt·

294 3958 347 4011 qus
371 3939 423 3994 hoa
451 3961 612 4013 responsum
640 3953 690 3996 est.
724 3940 769 3993 ub'i
794 3941 932 3993 Ruhnken.
957 3945 1052 4011 Virgil.
1076 3946 1141 3992 Aen.
1162 3939 1197 4005 8,
1215 3936 1270 3989 561.

181 4093 192 4103 κ
291 4023 370 4078 harad
387 4029 474 4080 asinus
492 4049 525 4082 ac
542 4032 610 4082 iussi
621 4023 747 4097 faciunt.
783 4028 877 4079 Getull.
895 4027 945 4093 61,
969 4027 1027 4080 176.
1047 4027 1168 4080 illinon
1186 4031 1273 4078 nsiuns

291 4130 326 4165 ac
343 4110 395 4168 citi
413 4124 524 4185 pectore
543 4115 631 4167 uritur
655 4114 753 4168 intimo
779 4110 908 4184 flamma.
943 4116 1036 4165 Horat.
1053 4115 1107 4164 Sat.
1125 4113 1160 4178 2,
1178 4111 1214 4178 7,
1231 4107 1272 4162 96.
