2618 4770
120 246 193 349 474'

438 315 444 324 -
510 278 674 368 stava.
717 282 785 375 aa.

123 500 127 506 ,
187 457 256 494 sane
284 435 337 492 icoc
363 434 399 490 de
423 399 526 490 nostris
548 431 680 502 aedibus,
710 454 749 495 ao
769 453 826 493 non
851 437 886 492 de
907 438 1031 511 publicis
1049 402 1165 515 templis.

187 536 214 596 p.
232 527 310 576 llaec.
327 527 383 576 Am.
402 520 453 586 83,
478 521 521 574 92.
546 525 627 594 quasi
643 541 714 579 nuno
741 521 771 580 id
796 535 914 594 agatur,
943 529 1006 598 qais
1029 547 1066 582 ex
1093 541 1167 584 tanta

188 609 369 665 multitudine
391 606 538 669 occiderit,
561 626 595 662 aa
621 625 677 661 non
700 605 752 664 loc
775 620 941 685 praestatur„
966 632 1029 669 eum
1053 625 1108 669 etc.
1138 618 1166 669 de

186 699 248 751 Nat.
270 696 295 747 d.
312 695 397 761 2,6‚
415 693 457 747 17.
477 693 511 744 ad
527 696 581 747 Att.
597 692 630 755 1,
655 691 697 748 16.
715 711 795 768 nemo
815 705 895 759 erat,
922 700 970 767 qui
990 698 1072 752 iilum
1088 720 1166 765 reum,

187 800 221 835 ac
247 799 303 835 non
327 779 431 834 millies
457 774 667 833 condemnatum
693 777 883 835 arbitraretur.
926 773 985 834 Liv.
1009 783 1044 848 8,
1071 785 1122 849 27,
1144 789 1165 840 2.

189 865 376 923 Tarentini-
393 873 543 934 postquam
563 862 709 919 Romanos
724 862 789 918 urbe
803 867 912 937 potitos
930 887 1073 938 accepere,
1085 871 1165 924 'uelut

184 951 311 1008 destituti
330 968 363 1003 ac
380 967 436 1001 non
452 949 500 1022 arri
522 950 579 1018 ipsi
601 947 811 1016 destituissent,
836 954 979 1020 increpare
1006 954 1165 1026 Palaepoli·

182 1049 275 1102 tanos.
310 1032 342 1100 7,
359 1033 393 1099 3,
412 1034 437 1087 9.
471 1035 579 1086 Terent,
603 1034 697 1089 Hesus.
724 1033 809 1100 4‚4‚
836 1035 862 1089 2.
891 1035 965 1109 quod
991 1040 1017 1090 si
1049 1040 1075 1093 is
1099 1061 1164 1095 nunc

181 1141 224 1175 me
242 1119 379 1189 deceperit
396 1136 480 1186 saepe
497 1100 643 1184 obseceins
658 1137 701 1172 me
720 1129 752 1171 ut
769 1125 898 1185 veniam,
917 1116 1036 1192 frustra
1054 1131 1163 1180 veniet:

182 1216 235 1260 aut
259 1223 342 1277 quum
365 1214 509 1261 venturam
529 1198 626 1261 dixero
652 1213 682 1262 et
706 1211 874 1266 constituero
903 1234 936 1248 -
966 1207 1110 1281 decipiam
1134 1234 1163 1267 ac

182 1309 240 1345 non
261 1307 380 1344 ventam.

216 1395 248 1448 ld
266 1403 353 1445 autem
371 1409 425 1445 non
443 1393 554 1444 fortuito
579 1393 678 1445 iactum
698 1411 755 1447 essa
773 1393 886 1457 ridetur,
905 1395 977 1462 quod
996 1395 1023 1451 iu
1045 1399 1160 1468 plurimis

181 1478 306 1550 exemplis
335 1477 483 1530 enuntiatio
508 1478 696 1533 conditionalis
720 1497 768 1548 per
795 1482 821 1535 si
845 1489 871 1529 et
894 1484 976 1551 quasi
1001 1483 1158 1537 efformatus.

181 1570 288 1621 Terent.
306 1565 372 1614 Ena.
392 1561 451 1628 1‚2‚
466 1563 509 1614 60.
530 1564 584 1616 Cic.
605 1565 681 1619 Verr.
699 1564 724 1627 1,
743 1561 786 1632 81,
804 1563 846 1614 80.
863 1563 898 1627 3,
915 1564 959 1628 80,
978 1565 1021 1623 72.
1040 1567 1086 1634 48,
1106 1571 1158 1623 113.

180 1672 208 1725 p.
225 1655 310 1704 Domo
328 1648 372 1712 50,
390 1649 449 1701 188.
467 1653 538 1701 Part.
557 1659 624 1701 orat.
644 1647 687 1715 39,
709 1647 768 1703 186.
786 1649 820 1701 ad
836 1651 910 1701 Fam.
928 1648 961 1714 3,
978 1650 1012 1713 2,
1027 1651 1155 1707 6.“Νἰωί-

178 1756 236 1791 rum
252 1738 295 1799 id,
316 1734 386 1803 qnod
406 1734 433 1784 in
451 1744 524 1785 recta
542 1735 725 1787 enuntiatione
745 1734 823 1785 alicui
840 1736 880 1789 rei
897 1735 1037 1790 inhaerere
1054 1740 1154 1805 dicitur,

176 1825 205 1877 iri
226 1818 400 1874 conditionali
416 1819 444 1870 in
465 1819 519 1869 eius
539 1821 599 1870 loco
619 1819 793 1874 substituitur.
828 1820 896 1876 Hinc
921 1822 959 1871 vis
985 1822 1033 1874 illa
1061 1828 1152 1878 verbo-

175 1928 234 1964 rum
252 1905 309 1960 und
328 1902 432 1956 sanaclt
453 1901 529 1957 nieht
555 1913 670 1959 mutatur
689 1904 717 1955 in
735 1902 793 1956 und
810 1902 944 1961 vielmebr
961 1905 1047 1962 nieht.

210 2013 258 2062 Per
275 2027 309 2060 ac
326 2025 380 2060 non
399 2008 495 2077 potius
512 2008 654 2076 explicabis
672 2007 752 2063 haece
780 2007 833 2061 Cic.
860 2011 953 2076 Agrar,
970 2008 1008 2075 2,
1027 2009 1079 2077 37,
1100 2015 1151 2066 101.

94 2126 97 2138 .
179 2100 242 2169 quis
265 2097 337 2148 enim
362 2111 491 2164 umquam
515 2103 575 2144 tam
601 2090 720 2145 secunda
749 2094 880 2147 concione
907 2092 997 2165 legem
1015 2100 1150 2169 agrariam

115 2214 118 2219 <
178 2183 269 2234 suasit
287 2197 368 2250 quam
390 2193 441 2250 ego
460 2177 605 2231 dissuasi?
623 2180 648 2236 si
662 2177 713 2230 boc
731 2177 891 2235 dissuadere
908 2190 951 2233 est
971 2200 1006 2233 ac
1024 2201 1083 2239 nan
1102 2184 1149 2240 dis·

159 2332 161 2337 ⁴
183 2263 293 2319 turbare
318 2284 351 2317 ac
370 2274 551 2333 praevertere·
586 2265 657 2318 coul'.
677 2264 711 2319 ad
738 2268 811 2319 Fam·
831 2264 865 2328 3,
883 2264 909 2320 8.
927 2276 995 2321 extr.
1013 2269 1147 2342 Sulpicia

161 2342 230 2402 tic.
247 2349 330 2418 Epist.
346 2345 378 2411 4,
397 2344 431 2409 5,
453 2347 494 2397 14.
519 2345 570 2400 boc
588 2359 616 2402 te
633 2359 793 2421 exspectare
809 2359 918 2421 tempus
937 2349 990 2410 tibi
1008 2363 1089 2423 turpe
1103 2368 1145 2415 est,

95 2460 102 2475 ¹
173 2456 208 2489 ae
225 2453 279 2486 non
295 2437 320 2486 ei
338 2435 377 2486 rei
397 2434 538 2502 sapientia
559 2443 610 2486 tua
631 2442 659 2487 te
678 2452 825 2492 occurrere.
860 2439 900 2491 Ita
925 2436 1094 2491 defendenda
1110 2442 1145 2494 ri·

116 2564 119 2570 .
171 2521 266 2573 dentur
283 2518 361 2570 verba
379 2518 407 2567 in
428 2517 515 2568 Taciti
539 2518 652 2586 Dialogo
680 2519 704 2574 1.
731 2522 797 2586 trix,
811 2518 936 2584 berarde,
961 2521 1108 2590 auderem,
1125 2524 1145 2578 si

172 2625 233 2660 mea
253 2607 390 2657 sententia
411 2597 599 2672 proferenda,
626 2623 660 2657 ac
684 2621 741 2656 non
761 2603 1026 2673 disertissimorum,
1055 2623 1087 2663 ut
1104 2615 1144 2663 na·

172 2695 238 2746 stris
254 2687 439 2759 temporibus,
463 2687 604 2745 bominum
620 2705 710 2743 samo
736 2687 900 2756 repetendus
921 2704 1001 2749 esset.
1035 2697 1142 2752 Additur

152 2795 228 2853 xroc.
249 2778 355 2846 potius.
377 2776 432 2826 Cic.
450 2777 526 2828 Vere.
549 2773 582 2836 3,
607 2771 735 2838 79,188.
761 2773 937 2846 quaenobrem
959 2783 1032 2836 enim
1061 2781 1144 2834 scriba

172 2861 292 2918 deducat
310 2881 343 2913 ac
360 2878 416 2914 non
433 2863 532 2930 potius
549 2856 646 2950 mulio,
667 2859 714 2931 qui
730 2859 866 2914 advexit?
885 2862 913 2922 in
932 2862 1010 2920 catii
1026 2864 1054 2930 2,
1065 2864 1092 2930 6,
1109 2867 1145 2923 li.

203 2983 297 3051 Atque
315 2997 371 3033 non
390 2979 525 3050 proprium
543 2988 583 3029 est
599 2978 694 3032 Plinio.
728 2978 802 3030 Dixit
818 2979 864 3036 iila
884 2981 922 3036 ita
942 2980 970 3032 ia
991 2983 1061 3036 Hist.
1082 3005 1108 3042 n,
1120 2985 1143 3053 7,

113 3072 117 3076 “
168 3065 219 3130 25,
246 3064 290 3118 26.
323 3064 372 3126 88,
399 3061 450 3125 24,
476 3061 518 3118 50.
550 3061 599 3125 29,
622 3061 699 3126 t‚9.
730 3061 780 3124 27,
807 3063 843 3128 9,
867 3061 910 3122 55.
936 3063 1143 3132 81,7‚39.u

169 3152 242 3205 alibi.
276 3149 395 3221 Reliquis
413 3147 584 3219 scriptoribus
604 3156 675 3200 certa
698 3147 804 3200 ridetur
826 3149 907 3207 fuisse
925 3149 1003 3206 huius
1017 3152 1143 3207 dictionis

164 3255 216 3291 tina
241 3237 334 3287 forma.
367 3235 460 3309 Neque
486 3232 536 3283 hnc
563 3232 698 3300 pertinent
719 3232 800 3288 hnecs
817 3235 924 3286 Terent.
942 3236 1056 3309 Adelph.
1076 3239 1102 3305 3,
1117 3239 1141 3303 3,

165 3322 209 3380 38.
233 3324 349 3377 nimium
368 3323 439 3373 inter
454 3335 521 3380 vos,
546 3316 651 3371 Demea
675 3319 722 3383 (ac
740 3335 814 3386 non,
833 3321 898 3392 quia
915 3319 984 3376 ades
1003 3341 1142 3391 praesens,

80 3410 81 3414 ,
169 3409 232 3463 dico
253 3405 314 3472 hoc)
334 3405 499 3475 pernimium
532 3404 655 3456 interest.
685 3400 1143 3480 Cic.Verr.4,65‚145.postea

167 3493 321 3547 decernitur
338 3492 385 3554 (ac
401 3506 457 3540 non
473 3489 565 3549 varie,
586 3485 637 3540 sed
654 3492 743 3558 prope
763 3491 916 3544 coniunctis
935 3495 1097 3558 sententiis)
1114 3505 1142 3546 ut

110 3588 114 3595 ’
167 3589 218 3629 etc.
252 3579 283 3627 ln
308 3575 349 3626 hia
374 3573 443 3625 euim
472 3588 527 3623 non
545 3573 667 3624 notiones
692 3583 903 3642 componuntur,
925 3578 972 3628 sed
986 3588 1027 3629 est
1044 3596 1140 3648 paren-

164 3663 247 3715 thesis
266 3679 297 3714 ea
315 3660 401 3723 ratio,
422 3674 498 3725 quam
513 3656 624 3727 posthac
640 3657 835 3714 illustr-abimus.

108 3761 110 3765 ¹
207 3780 334 3832 Matthiae
353 3778 384 3830 ad
406 3777 460 3829 cic.
477 3795 503 3846 p.
521 3777 600 3827 Rosc.
618 3780 674 3827 Am.
690 3775 743 3842 88,
760 3775 804 3832 93.
828 3779 959 3833 subtiliter
978 3779 1017 3832 ita
1035 3783 1137 3852 praeci·

161 3864 217 3933 pit:
236 3882 270 3916 ae
289 3881 345 3916 non
365 3873 393 3914 et
410 3855 509 3914 etsnon
526 3863 606 3928 poni,
628 3863 672 3913 ubi
687 3863 731 3930 id,
749 3862 820 3932 quod
839 3876 1033 3931 praecesserat,
1052 3869 1135 3920 corri-

161 3959 253 4016 gatur,
270 3949 308 3999 ita
325 3936 354 3997 ut
371 3948 467 4017 potius
485 3946 600 4013 suppleri
615 3946 712 4015 possit:
731 3964 796 4017 quae
814 3958 876 4018 post
891 3968 923 4000 ae
943 3968 999 4004 non
1020 3971 1135 4021 sequun-

161 4045 221 4097 tur,
239 4051 300 4085 vera
315 4051 371 4097 esse
389 4030 545 4100 significari:
563 4041 591 4082 at
609 4031 654 4083 ubi
670 4022 731 4103 post
754 4034 826 4104 prius
844 4029 985 4099 membrum
1003 4037 1078 4088 aiens
1097 4040 1137 4090 al-

109 4128 111 4134 *
161 4128 247 4170 terum
272 4134 371 4187 negans
396 4116 530 4187 sequitur,
558 4116 597 4168 ita
616 4127 750 4171 uteorum
766 4110 832 4172 ordo
849 4119 961 4186 inverti,
982 4132 1011 4173 et
1029 4141 1088 4175 non
1106 4152 1138 4163 -
