2618 4770
141 293 205 356 sat
579 288 728 360 ,suu-13.

140 453 341 531 separatur,
384 455 628 528 antepono,
658 456 760 510 ante
789 443 982 528 domum,
1017 452 1051 512 et
1072 446 1161 536 tigni·

129 527 226 618 ficut
262 526 320 612 apd
355 552 543 617 graecam,
592 529 737 594 localem
776 542 810 596 et
854 533 1097 617 temporalem,⁴
1137 547 1162 600 ut

104 663 107 669 -
141 627 316 695 anteeo,
339 610 595 698 naonopsdopm.
617 622 720 681 onte
751 637 927 697 annum,
957 615 1016 702 aad
1041 621 1162 684 ἐνιαυτοῦ.

139 700 316 768 Invenitur
331 702 436 765 etiam
451 700 525 763 sine
540 723 641 780 casu,
672 702 710 781 in
733 707 796 791 quo
811 703 885 765 loco
910 701 1071 768 adverbii
1091 703 1162 768 occi·

132 787 244 874 pitur.
288 782 476 873 Significat
498 786 589 850 enim
607 798 761 868 anteo,
778 787 872 874 quod
894 799 944 852 est
960 787 1057 875 opud
1074 788 1162 854 Grue-

139 896 196 940 cos
209 870 361 956 πρότερον.
405 871 614 936 Recentiores
643 872 795 936 doctores
811 871 989 937 ablativum
1008 897 1026 939 a
1042 896 1116 961 prae
1151 911 1162 926 -

138 958 259 1022 sitione
273 957 343 1045 regi
359 967 414 1020 aut
428 955 603 1041 negabant,
627 967 664 1020 ut
678 956 821 1042 Bangius
839 979 874 1044 p.
894 963 1001 1035 1189„
1023 970 1079 1023 aut
1149 999 1162 1011 ·

138 1043 276 1108 mabant
297 1043 448 1129 ambigua
470 1042 602 1128 quidem
627 1043 805 1106 sententia:
835 1065 914 1106 nam
934 1043 1161 1111 Ruddimaunu

140 1129 242 1193 Tam.
259 1126 285 1192 Ι.
307 1151 343 1214 p.
360 1133 435 1192 291.
450 1126 539 1192 hunc
558 1127 736 1192 ablativum
752 1127 894 1216 explicat
911 1129 1024 1194 addito
1041 1128 1087 1195 in.
1115 1131 1160 1196 Ra

137 1214 211 1303 ipsa
228 1215 273 1278 ita
289 1213 450 1277 sehabet.
492 1213 600 1276 Latini
608 1212 720 1277 locum
735 1214 783 1280 rei
799 1215 1002 1301 antepositae
1013 1224 1045 1280 et
1055 1226 1161 1304 tempu

137 1309 363 1389 antegressum
388 1297 601 1384 designabant
628 1302 765 1363 notione
788 1299 977 1364 directionis
996 1301 1032 1364 in
1058 1311 1161 1368 cenum

136 1385 336 1465 terminum,
367 1406 450 1473 quae
472 1383 656 1449 accusativo
678 1393 826 1449 notatur.
869 1384 1161 1475 Quae'interposib

127 1470 335 1559 :sunt‘spatio
350 1470 402 1537 vel
418 1480 587 1554 tempore,
610 1468 838 1556 exprimebant
853 1469 994 1536 ablativo
1013 1462 1097 1553 casu,
1112 1476 1160 1560 'quo

135 1577 247 1622 rerum
265 1555 358 1620 locus
381 1565 413 1618 et
435 1553 597 1640 temporis
620 1576 698 1640 pars
721 1553 934 1642 significatur.
987 1556 1098 1637 Quare
1118 1559 1179 1622 ali--

136 1652 297 1727 quantum
311 1638 467 1706 differunt
487 1660 584 1703 sensu
598 1638 661 1703 hae
677 1640 836 1704 dictiones
856 1653 936 1706 onte
954 1654 1100 1728 qrtatuor
1113 1667 1161 1708 an·

77 1730 88 1743 ‘
134 1750 213 1807 noa,
233 1737 378 1813 quotum
393 1735 474 1791 unte
491 1725 614 1806 annis,
635 1736 667 1789 et
690 1725 781 1811 quod
805 1726 893 1818 apud
909 1727 1042 1791 Livium
1064 1728 1162 1814 legitur

133 1813 186 1890 40,
212 1814 273 1893 52,
298 1818 327 1876 1.
352 1811 393 1875 de
412 1809 557 1958 templis,
575 1832 661 1896 qnae
678 1809 763 1875 bello
777 1810 966 1901 Ligustino
982 1825 1065 1878 onte
1081 1813 1161 1878 annis

114 1927 117 1929 “
134 1909 209 1962 octo
225 1897 364 1962 uouisset
379 1917 449 1961 nou
466 1897 477 1960 i
501 1918 553 1958 cm
565 1905 614 1958 est
629 1897 721 1982 quod
736 1908 817 1961 onte
832 1909 908 1961 octo
925 1921 1047 1980 annos,
1062 1920 1161 1985 quam·
1200 1946 1202 1951 -

16 1978 19 1982 ¹
46 2048 49 2053 ,
112 1999 234 2071 quam
250 1983 295 2045 ita
312 1983 374 2046 dici
391 1991 540 2069 poterat,
560 1980 617 2042 sed
640 1992 746 2045 autea
774 2004 866 2045 anna
896 1994 1028 2048 octauo.
1053 1984 1097 2050 de
1132 2006 1160 2047 ua
1199 2038 1202 2063 ,

74 2048 79 2067 ¹
133 2091 170 2132 re
184 2068 298 2155 paullo
315 2078 395 2154 post
415 2067 533 2133 dicam.
583 2065 684 2144 Quod
703 2065 738 2128 in
763 2068 923 2131 veteribus
943 2007 1161 2155 lapidibusie
1200 2084 1202 2097 ¹

132 2153 222 2240 gitur
236 2164 317 2217 ante
323 2149 461 2240 fronte,
491 2161 546 2214 aut
563 2150 807 2238 compendium
820 2151 919 2216 habet
942 2154 1161 2234 oblitteratum,

136 2248 192 2302 aut
207 2260 322 2313 eorum
337 2238 483 2305 inscitiae
501 2235 659 2314 debetur,
683 2232 747 2322 'qui
761 2238 905 2303 scribere
927 2240 1080 2306 solebant
1103 2262 1161 2304 urm

130 2324 311 2409 coniugem
327 2345 424 2389 suam
434 2372 444 2406 ,
454 2385 456 2388 ,
467 2346 491 2388 a
515 2322 619 2388 latus.
640 2320 863 2390 viu-Salmas.
879 2322 919 2388 ad
933 2320 1084 2414 Capitol.
1098 2327 1160 2393 Ver.

215 2526 382 2593 Maximus
404 2529 594 2594 Victorinus
610 2553 644 2618 p.
662 2535 755 2601 1953.
780 2541 863 2593 ante
875 2521 978 2616 purim
995 2532 1103 2618 graui
1114 2555 1162 2596 oc·

129 2624 227 2678 centu
234 2615 496 2700 pronuntiatum,
506 2616 719 2702 praepositio
730 2614 805 2696 est,
826 2626 883 2678 ut.-
911 2628 992 2680 ante
999 2613 1129 2704 focum,
1141 2617 1163 2681 ai

123 2695 243 2788 frigus
260 2700 336 2764 erit.
380 2700 421 2764 Si
437 2712 553 2766 cratem
576 2712 687 2777 acuto,
695 2697 764 2788 fiet
784 2697 983 2766 adverbium
1003 2705 1163 2791 temporis,

127 2796 185 2849 nt.-
214 2797 295 2850 ante
318 2784 473 2871 equidem
489 2809 624 2851 summa
647 2786 741 2851 dere
762 2786 924 2850 statuisse
947 2786 1087 2853 Latini.
1133 2788 1164 2853 ln

126 2870 374 2958 praepositione
389 2871 571 2940 enimcum
593 2873 731 2936 nomine
747 2871 926 2955 coniuncta
940 2873 1104 2938 minuitur
1119 2896 1164 2938 ac·

127 2967 241 3021 centus
264 2956 330 3036 vis,
359 2954 461 3044 fitque
485 2957 593 3046 gravis
614 2957 649 3021 iu
671 2958 788 3022 iduma
810 2955 954 3045 syllaba:
972 2958 1054 3046 ipsa
1069 2971 1165 3026 autem

125 3040 277 3110 vocabuli
292 3049 408 3108 natura
427 3065 497 3107 non
513 3052 671 3106 mutatur.

127 3216 131 3226 .
207 3159 236 3225 Ι.
284 3165 314 3225 1.
341 3161 426 3224 Vsus
441 3161 593 3227 vocabuli
614 3179 726 3238 auus,
752 3170 791 3226 ut
812 3160 879 3227 iam
897 3161 939 3225 ab
957 3162 1165 3229 Gesnerola·

124 3255 215 3310 ctum
234 3253 298 3324 est,
322 3244 364 3310 ad
377 3246 440 3310 tria
458 3249 563 3335 capita
585 3245 702 3312 referri
719 3257 842 3334 potest.
883 3247 983 3329 Nam¹
997 3261 1166 3338 usurpatur

124 3333 179 3397 aut
196 3331 347 3410 deloco,
377 3341 434 3395 aut
457 3333 499 3398 de
515 3344 685 3420 tempore,
714 3342 770 3396 aut
793 3331 834 3397 de
852 3336 1103 3420 comparatione
1117 3359 1167 3400 re·

122 3439 200 3481 rum
214 3417 461 3504 praestantium.
504 3422 550 3483 Ae
566 3439 670 3507 quum
687 3416 816 3495 deloco
832 3418 972 3500 dicitur,
995 3421 1029 3484 id
1047 3420 1167 3508 signifi·

124 3513 235 3566 catur:
259 3501 349 3588 quod
377 3525 417 3566 ex
439 3503 628 3568 adversust
650 3526 668 3567 a
688 3501 801 3573 fronte
822 3505 970 3590 positum
993 3517 1054 3571 est.
1101 3509 1166 3593 Op-

7 3635 8 3638 .
122 3588 261 3672 ponitur
276 3587 328 3667 id,
353 3589 443 3673 quod
458 3599 538 3736 post
554 3599 585 3653 et
601 3612 619 3652 a
635 3598 730 3693 tergo
748 3590 916 3675 positum,
947 3601 979 3654 et
998 3593 1090 3678 quod
1107 3594 1166 3657 cir·

122 3693 201 3736 aum
218 3683 278 3737 est.
324 3674 441 3737 Graeci
481 3674 571 3736 icunt
589 3699 668 3757 aaa,
733 3697 834 3738 suar.
899 3734 901 3739 .

226 3793 323 3861 Sulpic,
333 3793 367 3843 ad
375 3791 492 3858 cic.4,5‚
501 3793 527 3846 9.
537 3803 602 3863 post
612 3812 676 3846 mee
711 3805 722 3844 t
732 3795 850 3866 Aegina,
859 3795 1062 3866 anssMogara,
1073 3795 1165 3851 dextra

195 3877 334 3945 Piraeeus,
351 3881 466 3932 sinistra
490 3876 648 3935 Corintbus.
682 3882 790 3931 Saeton.
807 3881 933 3932 Caesw.
951 3881 1009 3930 Liv.
1027 3879 1060 3944 9,
1076 3879 1127 3943 32,
1144 3880 1166 3931 9.

190 3973 256 4015 unte
273 3965 355 4032 signa
375 3965 499 4033 circaque
516 3979 610 4015 ournes
632 3963 794 4018 ceciderant.
829 3969 900 4017 conl.
925 3961 1106 4030 42,58,13.
1127 3962 1166 4028 27,

192 4047 241 4110 18,
258 4046 283 4106 5.
305 4044 415 4114 fluvius
442 4045 478 4098 ab
499 4057 597 4118 tergo.-
623 4058 690 4103 ants
713 4050 838 4121 circaque
856 4049 936 4104 uelut
955 4050 1019 4119 ripa
1036 4067 1166 4120 praeceps

191 4140 269 4185 oram
297 4133 354 4188 cias
379 4147 486 4187 omnem
515 4129 652 4206 cingebat.
687 4131 722 4199 t,
744 4129 795 4197 88,
812 4131 864 4185 tt.
898 4131 998 4224 dextpa
1023 4133 1165 4214 laevaque,

1024 4384 1027 4389 ,
1077 4353 1088 4387 b
