2618 4770
605 123 665 167 t'q

572 283 668 393 *rm
898 387 901 394 ,
1088 337 1159 399 cna

130 484 207 553 Excf
220 505 257 570 p·
274 486 353 550 252.
377 476 412 547 ¹et
434 483 468 547 in
495 479 651 559 Secbodii
673 479 808 580 Sylloge
828 503 864 568 p.
881 482 954 546 104.
965 454 1003 550 'et
1016 485 1051 550 in
1066 486 1161 563 Nova

134 569 201 658 Syll.
224 592 260 655 p·
276 558 344 636 33(
360 569 509 633 observat
531 566 628 630 leand
651 589 721 630 sero
744 589 814 630 esse
824 589 968 653 prorsus
987 595 1057 635 non
1078 575 1161 655 acio,

135 655 177 720 tet
190 650 286 742 weiss
302 654 478 731 durclrans·
496 652 606 733 nicht,
629 651 727 737 idque
748 653 963 718 verecundiae
977 678 1013 719 ac
1030 657 1160 725 timoris

127 745 250 813 ¹'sernum
275 739 416 829 apertius
445 735 645 824 significare,
675 736 778 800 etad
809 737 911 800 animi
935 739 1161 808 vehementius

127 826 282 897 ‚commoti
304 824 498 889 sententiam
528 822 790 920 expromendam
820 823 927 908 aptius
960 826 1067 890 visum
1091 850 1162 910 esse
1192 875 1194 883 ι

129 931 220 998 ¹quam
238 910 369 990 nescio,
392 930 458 994 quo
474 917 593 971 mentis
609 907 766 970 iudicium
790 917 823 971 et
847 905 1042 991 consilium,
1072 915 1162 999 quod

136 995 302 1077 attendes,
321 1006 398 1058 'non
415 993 654 1070 certissimum,
677 1002 732 1055 aut
748 1013 824 1055 cum
842 993 1004 1058 modestia
1021 999 1161 1082 quadam

126 1079 297 1151 indicetur:
323 1077 520 1145 Ciceronem
540 1077 579 1141 de
602 1076 755 1142 simulata
779 1078 950 1141 inscientia
973 1102 1058 1166 pene
1077 1106 1162 1148 con-

136 1174 261 1246 stanter,
298 1164 350 1229 vel
379 1174 466 1228 certe
492 1163 600 1226 multo
625 1163 753 1249 saepius
782 1162 879 1225 hund
899 1164 969 1227 scio
993 1186 1162 1254 usurpare,

138 1266 226 1337 quam·
241 1251 354 1314 nescio
380 1273 444 1329 an,
470 1248 561 1334 quod
589 1248 698 1310 minus
723 1246 935 1312 vehementer
958 1263 1071 1338 neget:
1103 1255 1163 1317 Li-

128 1336 212 1401 ·rium
225 1357 300 1400 raro
317 1357 413 1403 usum
429 1357 498 1399 esse
516 1332 621 1396 verbis
636 1331 733 1395 lrnud
744 1332 814 1394 scio
832 1356 897 1413 on,
917 1343 955 1396 ut
969 1341 1007 1411 3,
1030 1343 1089 1415 60,
1110 1345 1162 1404 2:
1237 1360 1241 1369 ·

133 1419 206 1484 addc
224 1425 263 1502 9,
289 1421 347 1498 15,
374 1424 424 1484 10.
454 1443 471 1482 a
498 1418 544 1485 ud,
568 1417 728 1499 Plinium,
759 1417 934 1493 Senecam,
965 1421 1164 1500 Quinctiliu-

115 1526 220 1581 .num,
249 1504 421 1577 Tacitum,
482 1501 809 1580 lorum‚‚Valerium
840 1503 907 1584 M„
936 1504 1086 1575 Curtium
1108 1511 1165 1574 vix
1224 1516 1228 1524 ’

139 1589 259 1655 inveniri
284 1590 380 1654 bared
399 1589 467 1653 scio
489 1612 556 1652 (ινιτ
585 1586 625 1652 de
648 1609 725 1653 vera
749 1586 952 1655 dubitatione
973 1589 1069 1655 leand
1092 1596 1164 1658 scio

138 1697 175 1740 an
188 1697 257 1741 uon
271 1675 335 1759 dici
351 1676 413 1740 nisi
429 1674 569 1737 aPlauto
587 1684 620 1737 et
633 1671 668 1736 in
685 1694 753 1735 uno
768 1672 845 1737 loco
862 1673 929 1737 Cic.
945 1676 1041 1740 Acad.
1059 1683 1091 1754 2,
1112 1680 1166 1761 40,
1243 1690 1252 1697 “

139 1765 215 1826 126.ε
230 1783 273 1826 ne
296 1783 338 1824 ue
353 1772 464 1823 tamen
479 1780 638 1844 umquam
654 1768 734 1844 post
749 1758 923 1822 Ianndscio
939 1784 987 1823 nn
1000 1764 1083 1849 poni
1101 1764 1165 1827 du-

133 1845 240 1931 plicem
268 1783 505 1909 dubitationem
530 1866 592 1930 per
617 1855 788 1907 ntrum-
806 1868 853 1907 nn
876 1852 908 1907 et
925 1868 1100 1931 perne-
1116 1872 1163 1913 aa

132 1932 382 2018 exprimendam.
405 1930 443 1994 ln
459 1928 576 2015 quibas
586 1950 669 2015 quae
679 1926 964 2015 designificatione
979 1952 1053 1996 voe.
1068 1933 1164 1998 bared

133 2016 294 2098 dicuntur,
316 2015 489 2080 fateormc
513 2016 679 2080 nonsatis
703 2013 896 2102 intelligere.
940 2015 980 2080 In
1004 2019 1165 2084 Cicerone

128 2120 200 2166 vero
217 2125 287 2165 non
303 2101 476 2173 numerari,
496 2100 551 2163 sed
576 2099 733 2186 explicari
749 2100 870 2163 debent
887 2098 970 2165 loci:
997 2103 1037 2167 de
1060 2105 1164 2169 Plauti

126 2205 185 2251 usu
206 2186 349 2250 diximus
374 2183 502 2273 p.'316.
518 2185 649 2249 deloco
668 2185 834 2248 Ciceronis
852 2208 886 2272 p.
904 2189 997 2252 315.:
1021 2189 1165 2253 bimem-

125 2271 216 2337 brem
233 2294 313 2359 vero
333 2271 528 2334 sententiam
542 2280 620 2356 post
641 2269 736 2335 baud
751 2271 820 2335 scio
835 2292 999 2356 nusquam
1013 2274 1164 2352 inveniri,

123 2357 157 2421 id
195 2358 410 2444 roprietatem
424 2355 547 2417 horum
567 2354 746 2419 verborum
764 2358 798 2420 in
820 2356 881 2419 hac
903 2358 1069 2422 rhetorica
1091 2358 1165 2424 ior·
1195 2428 1198 2433 ,

123 2381 213 2507 mnia
231 2465 308 2506 com
334 2441 447 2504 robatz
471 2462 554 2525 quae
574 2441 688 2504 eadem
705 2462 816 2507 caussa
834 2453 897 2523 est,
923 2465 982 2507 eur
996 2467 1096 2508 nemo
1112 2447 1166 2509 di·

122 2528 210 2592 xerit
233 2465 331 2591 nami
350 2528 415 2590 scis
440 2525 580 2588 secunda
603 2547 756 2623 persona.
809 2526 972 2611 Equidem
996 2552 1095 2610 vero,
1123 2555 1166 2595 ne

121 2613 267 2678 multum
299 2610 443 2675 tribuam
468 2610 648 2675 discrimini
666 2611 854 2675 *verborum
877 2615 989 2682 nescio
1013 2626 1044 2679 et
1070 2614 1167 2680 band

122 2698 194 2762 scio
209 2700 245 2763 in
263 2696 324 2760 hac
349 2696 482 2781 quidem
505 2695 670 2777 formula,
701 2707 824 2760 certam
851 2698 945 2762 video
967 2721 1111 2764 caussam
1131 2703 1167 2766 in

123 2793 242 2848 natura
258 2781 411 2847 vocabuli
424 2779 529 2853 leand,
545 2781 636 2867 quod
649 2804 721 2845 eam
738 2783 968 2847 tantummodo
985 2785 1052 2848 vim
1065 2808 1167 2851 occu-

114 2879 200 2957 -pat,
224 2878 262 2932 ut
276 2867 406 2955 negatio
426 2865 504 2952 ipsi,
530 2868 581 2930 cui
597 2865 744 2946 additur,
766 2869 895 2931 nomini
918 2868 1103 2952 inhaereat,
1135 2883 1169 2936 et
1199 2898 1202 2903 ’

123 2976 202 3019 cum
218 2977 257 3018 eo
271 2974 372 3016 unam
390 2953 566 3015 constituat
578 2951 763 3031 notionem,
787 2975 870 3038 quae
889 2954 1002 3018 eadem
1021 2967 1068 3020 est
1083 2957 1167 3021 ratio

121 3039 275 3104 inverbo
290 3038 431 3103 nescire.
478 3038 554 3116 Quo
569 3031 617 3112 fit,
633 3047 671 3100 ut
687 3037 722 3100 in
735 3037 803 3100 aliis
818 3037 925 3102 verbis
941 3041 1070 3127 negatio
1090 3062 1168 3128 gra-

122 3125 198 3191 vior
212 3135 243 3189 et
259 3125 453 3187 concinnior
468 3122 617 3202 exsistat,
646 3123 682 3185 in
696 3121 792 3185 leand
807 3123 876 3186 scio
893 3124 1168 3213 idem'exprima-

123 3221 178 3276 tur
195 3209 287 3295 quod
301 3210 336 3271 in
353 3208 486 3272 nescio.-
514 3228 621 3292 neque
643 3207 810 3270 Ciceronis
833 3208 920 3272 ullus
937 3220 985 3273 est
998 3212 1110 3292 locum
1131 3214 1168 3276 in
1244 3224 1262 3292 ᾗ

124 3318 191 3383 quo
208 3315 278 3358 non
300 3304 475 3379 utramque
493 3290 640 3356 formam
663 3302 868 3357 commutare
891 3296 1011 3381 possis.
1060 3299 1168 3382 Atque

122 3381 206 3461 hoc,
232 3380 322 3465 quod
338 3400 423 3464 pene
438 3376 567 3441 nullum
587 3387 673 3457 crat,
704 3377 879 3443 discrimen
903 3402 988 3444 cum·
1006 3383 1079 3468 ips'o
1105 3403 1169 3445 usu

122 3466 304 3532 verborum
323 3462 420 3527 band
435 3465 503 3526 scio
518 3472 596 3549 post
610 3463 747 3549 Augusti
761 3473 913 3551 tempora
928 3489 1065 3553 prorsus
1083 3489 1168 3548 con·

124 3550 239 3616 currit.
282 3551 451 3613 Praeterea
472 3547 684 3611 Gernhardus
699 3549 736 3611 in
747 3548 901 3635 Append.
925 3574 959 3638 p.
978 3557 1031 3615 23.
1050 3551 1168 3614 distin-

123 3638 195 3724 guit
209 3656 310 3698 usum
323 3633 414 3698 verbi
434 3656 524 3696 anne
539 3655 598 3712 eo,
623 3632 714 3717 quod
728 3634 824 3698 baud
838 3636 907 3700 scio
924 3660 1013 3700 anne
1030 3636 1168 3717 dicatur,

122 3721 179 3786 ubi
195 3719 312 3784 festina
334 3719 464 3783 accedat
481 3719 641 3805 auspicia,
670 3717 702 3780 id
726 3717 815 3795 ficri,
850 3721 939 3808 quod
966 3725 1023 3785 vix
1047 3743 1169 3808 ermpe-

124 3805 205 3871 etari
229 3805 351 3891 possit,
388 3805 545 3889 aflertque
568 3802 703 3866 Terent.
728 3804 842 3868 Heaut.
865 3808 904 3885 5,
924 3810 963 3879 2,
986 3805 1038 3868 46.
1061 3807 1169 3875 ¹etiam

122 3889 316 3969 treudacio,
335 3901 424 3952 anne
440 3911 577 3952 errorem
595 3886 710 3952 ditent.
735 3888 834 3953 Conf.
852 3912 932 3975 quae
949 3911 1012 3952 nos
1026 3890 1125 3955 infra.

208 3976 274 4041 Sed
289 3973 388 4038 habet
401 3974 481 4038 baec
500 3972 646 4038 formula
663 3983 784 4037 certam
803 3975 1040 4039 conditionem.
1082 3975 1167 4040 Nam

124 4083 176 4140 eo,
198 4082 298 4146 quem
315 4059 559 4138 declaravimus,
575 4080 672 4123 sensu
688 4069 784 4144 atque
802 4081 862 4122 usu
877 4080 948 4122 non
970 4061 1034 4123 nisi
1059 4066 1168 4146 prima

123 4145 306 4236 verborum
319 4145 449 4223 nescio,
472 4144 574 4212 ¹lruud
601 4144 671 4211 scio
693 4166 836 4231 persona
858 4145 965 4234 ipsam
984 4143 1165 4212 formulam
