2618 4770
393 336 450 355 ²
504 335 669 419 rrovu.
712 335 794 401 uc..
995 326 998 331 ’
1083 335 1174 422 γ(89
1264 288 1271 299 ’

200 543 202 547 ⁴
234 501 302 556 Plin.
318 499 412 566 Paneg.
428 494 480 561 26,
509 495 535 548 1.
563 491 645 548 labor
663 489 826 564 parentibus
843 501 921 558 erat,
948 494 1088 549 ostentare
1108 512 1175 565 par-

121 628 124 635 .
191 585 275 641 aulos
300 587 501 654 impositosque
524 577 674 635 cervicibus
701 577 852 633 adulantia
883 577 969 632 uerba
1000 579 1175 652 blandasque

189 689 272 727 uoces
291 671 422 725 edocerer
446 665 599 722 reddebant
627 666 692 730 illi,
716 685 788 736 quae
806 663 997 718 mouebantur.
1030 666 1073 720 Aa
1090 666 1175 737 pleri·

191 777 245 830 que
265 759 352 812 irritis
369 751 495 825 precibus
511 752 612 805 surdas
621 752 762 822 principis
780 768 862 804 aures
878 748 1085 822 adstrepebant.
1107 755 1175 818 Nos,

113 901 115 904 y
190 839 344 915 gleiclrwol
366 836 476 908 flebtan
511 837 557 893 dis
587 837 701 889 meisten
728 833 887 907 uergeblialr
921 835 1022 891 tauben
1059 812 1182 895 Obrene⁸

190 947 244 997 quo
270 927 372 979 scilicet
397 942 452 976 non
476 923 630 986 statuimus,
657 931 740 992 atque
758 919 907 988 significare
923 919 1083 993 gleicbwol.
1117 926 1176 977 Te·
1252 918 1255 926 ’

191 1023 261 1066 rent.
283 1010 368 1066 Andr.
389 1008 535 1075 5‚1,22.
560 1017 588 1061 et
612 1007 703 1059 nescio
729 1005 797 1077 quid
821 1005 874 1061 tibi
902 1025 962 1080 snm¹
993 1006 1115 1063 oblitus.-
1140 1029 1176 1063 aa

180 1084 273 1152 'uolui
291 1096 397 1150 dicere.-
414 1093 458 1145 ubi
475 1096 593 1146 Donatus
614 1092 742 1160 explicat:
761 1101 957 1166 contraquam
975 1094 1071 1159 volui,
1089 1099 1174 1147 Bent-
1230 1117 1237 1141 r

191 1185 259 1236 leius
285 1180 397 1247 corrigit
414 1189 445 1231 ut
461 1177 550 1231 volui·
585 1176 696 1244 Adelph.
718 1173 861 1239 1,1‚15.
886 1178 932 1228 ubi
956 1179 1036 1232 Micio
1063 1198 1174 1233 enarra-

192 1280 284 1330 verat,
305 1284 381 1336 quam
403 1264 460 1329 ipse
479 1262 562 1314 luerit
582 1262 711 1313 sollicitus
734 1261 766 1312 de
785 1261 914 1314 Aeschine
934 1265 1039 1320 domum
1055 1283 1110 1318 non
1125 1268 1184 1320 're-‘

190 1356 304 1417 deuote,
321 1350 423 1419 pergit:
451 1358 538 1419 atque
561 1364 596 1399 ex
613 1365 657 1399 me
677 1343 721 1397 hic
739 1356 821 1397 natus
844 1364 900 1398 nou
921 1359 978 1410 est,
994 1350 1044 1403 sed
1060 1370 1095 1404 ex
1114 1347 1177 1421 fra.
1205 1334 1224 1380 Ϊ

193 1452 253 1494 tre.-
267 1439 314 1491 ,ita
341 1435 409 1488 enirn
429 1434 585 1504 Terentium
610 1431 763 1501 scripsisse,
791 1440 903 1484 testatur
923 1433 1059 1502 Sosipater.
1071 1437 1176 1497 Charis.

128 1562 131 1568 .
191 1546 219 1596 p.
240 1521 300 1577 204.
318 1521 363 1590 qui
381 1519 471 1570 addit:
496 1515 544 1571 ubi
562 1517 675 1579 Aaron,
697 1525 812 1586 argute,
832 1519 930 1588 inquit.
954 1538 1020 1572 nam
1037 1540 1088 1592 par
1105 1521 1176 1576 banc
1196 1565 1199 1573 .

193 1612 412 1664 coniunctionem
436 1606 585 1657 transitum
605 1597 682 1672 fecit
707 1600 746 1653 ad
773 1605 971 1658 narrationem.
1019 1607 1079 1674 Ipsa
1100 1618 1178 1676 putat

196 1707 282 1767 atque
297 1709 346 1761 pro
363 1699 392 1743 et
410 1688 533 1757 positum.
557 1691 687 1741 Neutrum
704 1686 791 1737 valet.¹
818 1686 923 1738 Sallust.
939 1691 995 1756 lug.
1015 1687 1040 1740 4.
1059 1702 1178 1745 ceterum

192 1799 228 1835 ex
243 1778 310 1831 aliis
328 1774 464 1845 negotiis,
485 1771 556 1846 quae
575 1773 689 1842 ingenio
710 1772 886 1836 exiroeutur,
907 1776 1047 1843 inprimis
1074 1796 1176 1847 magno

194 1866 259 1917 usui
276 1871 319 1916 est
340 1859 472 1911 memoria
490 1874 580 1910 rerum
599 1866 750 1927 gestarum.
770 1883 804 1896 -
824 1857 916 1927 Atque
931 1877 983 1929 ego
1002 1860 1083 1914 credo
1097 1858 1179 1932 fore,

194 1950 251 2020 qai,
259 1946 323 2017 quia
333 1943 440 1995 decrevi
456 1939 555 2011 procul
571 1960 589 1993 a
606 1938 750 2008 republica
767 1952 887 1994 aetatem
898 1961 989 2022 agere,
1007 1955 1088 1998 tanto
1107 1960 1178 2000 tam.
1262 2015 1265 2019 .

195 2051 247 2104 que
275 2027 340 2083 utili
375 2022 468 2079 labori
498 2043 558 2078 meo
591 2041 692 2078 nomen
729 2025 845 2091 inertiae
877 2031 1033 2100 imponant.
1079 2032 1178 2085 Verte:

195 2112 347 2190 gleicbwol
363 2107 468 2181 glaube
489 2109 532 2164 iah
550 2137 603 2166 -.
627 2111 679 2161 Sed
698 2106 804 2163 Sueton.
826 2113 898 2163 Caes.
915 2112 958 2167 85.
976 2112 1057 2186 plebs
1079 2120 1179 2176 statim
1266 2126 1271 2133 ‘

193 2203 233 2257 ad
257 2202 374 2254 domum
403 2197 484 2251 Bruti
512 2204 541 2249 et
570 2194 661 2249 Cassii
689 2214 749 2248 curn
775 2192 889 2264 facibus
922 2199 1061 2255 tetradiae
1093 2203 1179 2275 atque
1218 2264 1220 2266 V
1292 2248 1295 2253 .

194 2307 278 2358 aegre
310 2282 440 2354 repulsa,
474 2279 587 2335 obviarn
618 2278 674 2334 sibi
700 2279 846 2365 Helvium¹
864 2282 1040 2352 Cinnam-q
1064 2289 1181 2352 occidit.

195 2370 366 2438 Oudendorp.
389 2369 456 2420 male
481 2365 610 2433 intelligit
627 2385 723 2419 verrem
741 2377 842 2420 temen.
878 2369 927 2420 Est
947 2369 1017 2422 euim
1034 2382 1062 2426 et
1079 2361 1115 2428 in
1126 2372 1179 2430 1200

189 2454 308 2528 furioso
328 2455 433 2525 impetu
454 2471 538 2524 aegre
552 2448 675 2521 repulsa.

125 2564 165 2628 ln
195 2560 265 2625 aliis
289 2557 370 2623 locis
397 2547 466 2620 non
491 2554 936 2644 umilitumlludtamea.
968 2559 1026 2625 sed
1057 2560 1178 2632 dicitur

124 2651 170 2714 nc
186 2659 299 2711 tamen
308 2691 319 2721 ,
345 2624 587 2729 quodlibrarii‘
597 2628 669 2721 ibic
693 2664 824 2731 semper
838 2651 1010 2710 mutarunt
1022 2646 1062 2710 'in
1079 2661 1178 2716 atta-

127 2758 225 2816 men,
243 2733 283 2795 dc
299 2727 533 2816 quosuoloco
554 2726 713 2792 dicemus.
756 2772 759 2778 -

242 2851 297 2905 cte.
317 2849 351 2901 de
368 2848 426 2900 Fin.
445 2847 478 2913 2,
496 2845 547 2912 27,
567 2845 610 2898 85.
623 2836 698 2902 nibil
716 2860 863 2921 praeterea
888 2862 930 2906 est
953 2870 1122 2926 magnopere
1134 2826 1181 2915 (di.

195 2937 331 2992 cendum:
348 2955 381 2988 ac
399 2946 544 2988 tamenne
563 2934 605 2986 cui
624 2931 686 2986 loco
708 2952 765 2986 uon
782 2937 911 2990 videatur
932 2955 991 2990 esse
1007 2930 1181 3012 responsum,

194 3044 287 3096 pauca
308 3027 392 3076 etiam
408 3039 480 3074 nunc
499 3018 590 3074 dicam
610 3019 657 3072 'ad
681 3019 818 3092 reliquam
848 3027 1003 3076 orationem
1032 3034 1117 3080 tuam.
1141 3030 1181 3084 ita

195 3111 264 3162 bene
280 3107 397 3159 restituit
412 3105 589 3168 Goerenzius,
609 3107 744 3162 nonitem
762 3109 829 3159 bene
849 3109 975 3177 explicuit
992 3128 1039 3178 per
1057 3113 1113 3164 sed.
1138 3116 1180 3166 De

197 3199 271 3246 Orat.
290 3192 324 3255 8,
345 3192 393 3256 10,
412 3189 454 3242 85.
473 3188 630 3259 discipulos
648 3189 799 3245 dissimiles
816 3192 887 3245 inter
902 3212 940 3261 se,
959 3213 992 3246 ac
1008 3205 1099 3249 tamen
1119 3197 1180 3252 lau.

155 3262 159 3269 ⁴
197 3278 317 3333 dandos.
338 3279 376 3328 ita
394 3277 498 3328 codices
517 3276 618 3344 optimi.
652 3277 692 3327 De
708 3279 779 3356 llep.
803 3277 874 3343 1,7.
897 3298 923 3347 p.
938 3279 981 3332 35.
995 3285 1064 3335 Mos.
1082 3283 1114 3333 dc
1130 3284 1182 3338 off.

197 3364 234 3428 3,
259 3361 311 3427 83,
340 3360 398 3412 118.
420 3369 505 3428 atque
532 3362 561 3413 in
587 3358 630 3413 bis
657 3371 751 3414 tamen
778 3373 828 3415 etc.
864 3366 1016 3417 Wunderns
1042 3368 1069 3418 in
1093 3371 1182 3423 Variis

197 3449 262 3500 lect.
282 3465 314 3497 ex
334 3447 392 3497 cod.
409 3447 511 3496 Erfurt.
537 3453 608 3496 enot.
627 3463 653 3512 p.
670 3443 712 3497 58.
730 3448 836 3516 egregie
860 3451 977 3502 restituit
994 3472 1027 3503 aa
1044 3455 1182 3509 tamenin
1256 3463 1259 3467 ’

198 3544 314 3603 quatuor
336 3531 402 3583 locis
424 3528 576 3595 Ciceronis,
602 3530 649 3580 sed
668 3537 935 3604 praeterquamquod
953 3548 1058 3601 narrat,
1080 3540 1136 3591 null

188 3638 268 3673 *nunc
287 3617 354 3686 apud
372 3616 525 3667 Ciceronem
545 3625 649 3666 exstare
667 3617 762 3683 locum,
780 3619 877 3688 inquo
897 3641 930 3674 ac
949 3632 1042 3673 tamen
1059 3554 1205 3692 reperi,

199 3714 261 3767 tur,
279 3704 306 3754 in
325 3720 355 3753 eo
376 3702 454 3753 etiam
472 3702 555 3752 falsus
574 3703 693 3769 videtur,
722 3705 793 3774 quod
817 3706 891 3756 nullo
912 3706 1062 3759 discrimine
1080 3698 1182 3763 distin-²

200 3789 257 3855 guit
276 3797 303 3840 et
321 3797 422 3838 tamen.
458 3788 508 3838 Per
533 3807 567 3841 aa
585 3789 614 3839 id
633 3790 803 3858 exprimitur,
829 3791 900 3858 quod
922 3792 1024 3843 librarii
1048 3794 1182 3852 interdum

200 3871 337 3941 supposito
363 3868 407 3922 bic
440 3872 623 3926 reddiderunt.
657 3877 696 3926 De
722 3878 800 3928 Prov.
826 3893 897 3926 cons.
923 3874 954 3940 7,
979 3875 1020 3928 16.
1043 3897 1127 3950 quum
1151 3885 1182 3936 in
1221 3864 1223 3869 .

200 3956 320 4010 Albucio
339 3973 388 4007 nea
408 3953 518 4012 Pisonis
538 3957 687 4021 libidines,
716 3949 765 4011 nec
790 3958 909 4013 audacia
941 3959 1059 4016 Gabinii
1078 3962 1184 4042 fuerit,

208 4041 261 4094 bac
294 4051 386 4092 tamen
418 4059 474 4092 una
497 4043 586 4116 plaga
611 4043 762 4098 conciderit
785 4046 940 4114 ignominia
965 4065 1086 4104 senatus.
1116 4054 1185 4107 bene

201 4127 321 4178 emendat
339 4124 492 4177 Wunderns
509 4148 542 4199 ac
566 4141 660 4182 tamen
684 4127 736 4181 baa
756 4149 812 4181 una
831 4129 929 4201 plaga.
962 4133 1048 4186 Tacit.
1068 4139 1136 4188 Ann.
1154 4136 1183 4205 8,

199 4209 243 4264 29.
260 4209 309 4266 sed
327 4218 491 4282 neque'tum
512 4210 601 4286 luisse
622 4212 825 4276 dubitaverim,
854 4217 902 4286 qui
927 4219 1065 4275 eiusmodi
1083 4240 1183 4295 *preces
