2618 4770
220 341 313 398 xum
394 358 399 363 ·

226 482 412 573 arrogantia
428 440 546 549 fruitra
561 490 728 566 quaerunt
761 483 866 550 Vnum
880 481 946 550 hoc
963 482 1098 562 addam,
1118 484 1274 552 Garolum

225 612 378 682 Beierum
402 609 444 676 ad
467 632 509 676 ea
529 610 653 696 capita,
673 631 757 695 quae
781 609 845 679 hoc
862 611 1000 699 primunr
1016 610 1168 678 volumen
1185 636 1264 680 com·

225 739 393 829 plectitur,
415 745 448 803 et
469 737 651 825 Augustum
671 737 826 803 Matthiae
847 761 888 804 ex
907 737 1102 804 adversariis-
1120 738 1185 804 suis
1204 762 1264 805 me-

226 887 353 936 cumea
369 865 640 943 communicasse,
663 865 804 950 quaeda
825 866 988 954 particulis
1004 864 1108 933 latinis
1123 875 1267 934 annotata

224 995 390 1061 haberent
438 992 477 1058 In
496 993 775 1082 typographorum
805 993 969 1060 erroribus
992 993 1196 1082 corrigendis
1215 1017 1265 1061 cu-

224 1143 295 1190 ram
308 1118 396 1187 haud
409 1120 605 1188 mediocrem
621 1119 766 1188 adhibuit
784 1121 833 1204 Io.
853 1122 937 1189 Dav.
957 1121 1155 1201 Lorenaius,
1177 1143 1266 1207 quem

225 1248 346 1328 virum,
368 1258 444 1315 tuae
462 1246 648 1343 disciplinae
670 1248 746 1315 olim
767 1248 932 1316 addictum
953 1257 987 1316 ct
1006 1247 1268 1316 multadoctrina

89 1376 95 1386 '
224 1375 400 1464 insignem,
421 1376 455 1442 in
468 1374 608 1443 melioris
629 1375 777 1453 fortunae
794 1377 1025 1446 incrementum
1037 1375 1095 1443 tibi
1109 1399 1266 1444 comman-

176 1588 178 1593 .
225 1502 280 1571 do.
301 1503 381 1574 Mihi
398 1514 514 1587 autem,
527 1506 727 1586 Hermanno,
739 1529 813 1573 eum
827 1506 967 1576 animum
984 1523 1119 1588 eamque
1130 1505 1267 1572 benevo-

224 1630 370 1713 lentiam,
391 1654 489 1718 quam
504 1654 633 1721 semper
652 1633 737 1699 vitae
749 1655 844 1727 meae
858 1655 958 1698 unum
976 1641 1199 1699 ornamentum
1214 1634 1267 1700 ha-

224 1760 297 1842 bui,
316 1759 413 1827 ctiam
428 1761 640 1846 inposterum
663 1783 834 1840 conserva,
853 1768 951 1844 atque
964 1757 1021 1826 tibi
1036 1758 1216 1847 persuade,
1234 1760 1266 1825 in

224 1888 340 1955 officiis
354 1887 410 1953 tibi
423 1884 623 1992 praestandis
635 1896 669 1953 et
681 1887 715 1954 in
728 1888 813 1977 grati
828 1886 923 1955 animi
935 1886 1054 1974 pietate
1066 1887 1205 1957 colenda
1216 1911 1267 1956 me

223 1990 397 2100 nuinquam
416 2036 489 2081 essa
502 2024 708 2083 cessaturum.
749 2016 840 2087 Vale.

350 2202 478 2270 Dabam
490 2201 590 2287 lenae
602 2202 633 2271 d.
647 2203 699 2281 23.
715 2203 815 2274 Febr.
832 2228 862 2275 a.
875 2219 1092 2271 amenum,
1179 2258 1183 2265 a
1299 2258 1302 2265 .
