<?xml version="1.0" encoding="UTF-8"?>
<!DOCTYPE html PUBLIC "-//W3C//DTD XHTML 1.0 Transitional//EN"
    "http://www.w3.org/TR/xhtml1/DTD/xhtml1-transitional.dtd">
<html xmlns="http://www.w3.org/1999/xhtml" xml:lang="en" lang="en">
 <head>
  <title>
</title>
<meta http-equiv="Content-Type" content="text/html;charset=utf-8" />
  <meta name='ocr-system' content='tesseract 3.04.00' />
  <meta name='ocr-capabilities' content='ocr_page ocr_carea ocr_par ocr_line ocrx_word'/>
</head>
<body>
  <div class='ocr_page' id='page_1' title='image "./tursellinusseud03handgoog_0411.png"; bbox 0 0 2618 4770; ppageno 0'>
   <div class='ocr_carea' id='block_1_1' title="bbox 14 284 762 353">
    <p class='ocr_par' dir='ltr' id='par_1_1' title="bbox 14 284 762 353">
     <span class='ocr_line' id='line_1_1' title="bbox 14 284 762 353; baseline -0.003 -2"><span class='ocrx_word' id='word_1_1' title='bbox 14 336 17 342; x_wconf 88' lang='lat'><strong><em>.</em></strong></span> <span class='ocrx_word' id='word_1_2' title='bbox 125 289 190 351; x_wconf 70' lang='lat'><strong><em>592</em></strong></span> <span class='ocrx_word' id='word_1_3' title='bbox 569 284 730 353; x_wconf 74' lang='grc' dir='ltr'><strong>ΔΝΓΕΑ.</strong></span> <span class='ocrx_word' id='word_1_4' title='bbox 759 330 762 338; x_wconf 83' lang='lat'>·</span> 
     </span>
    </p>
   </div>
   <div class='ocr_carea' id='block_1_2' title="bbox 192 435 1198 1624">
    <p class='ocr_par' dir='ltr' id='par_1_2' title="bbox 192 435 1198 1624">
     <span class='ocr_line' id='line_1_2' title="bbox 235 435 1198 514; baseline 0.006 -24"><span class='ocrx_word' id='word_1_5' title='bbox 235 437 291 491; x_wconf 82' lang='lat' dir='ltr'><strong><em>Cic.</em></strong></span> <span class='ocrx_word' id='word_1_6' title='bbox 307 438 425 493; x_wconf 64' lang='lat' dir='ltr'><strong><em>odram.</em></strong></span> <span class='ocrx_word' id='word_1_7' title='bbox 448 439 529 507; x_wconf 85' lang='lat'><strong><em>1,9,</em></strong></span> <span class='ocrx_word' id='word_1_8' title='bbox 544 441 588 495; x_wconf 79' lang='lat'><strong><em>74.</em></strong></span> <span class='ocrx_word' id='word_1_9' title='bbox 608 442 725 514; x_wconf 73' lang='lat' dir='ltr'><strong><em>Appius</em></strong></span> <span class='ocrx_word' id='word_1_10' title='bbox 744 442 775 496; x_wconf 90' lang='lat' dir='ltr'><strong><em>in</em></strong></span> <span class='ocrx_word' id='word_1_11' title='bbox 799 435 975 495; x_wconf 76' lang='lat' dir='ltr'><strong><em>sermonibus</em></strong></span> <span class='ocrx_word' id='word_1_12' title='bbox 999 442 1088 497; x_wconf 78' lang='lat' dir='ltr'><strong><em>antea</em></strong></span> <span class='ocrx_word' id='word_1_13' title='bbox 1109 438 1198 496; x_wconf 58' lang='lat' dir='ltr'><strong><em>ticet-³</em></strong></span> 
     </span>
     <span class='ocr_line' id='line_1_3' title="bbox 197 520 1178 597; baseline 0.003 -21"><span class='ocrx_word' id='word_1_14' title='bbox 197 520 298 579; x_wconf 69' lang='lat' dir='ltr'><strong><em>setae:</em></strong></span> <span class='ocrx_word' id='word_1_15' title='bbox 314 537 417 597; x_wconf 85' lang='lat' dir='ltr'><strong><em>postea</em></strong></span> <span class='ocrx_word' id='word_1_16' title='bbox 432 526 506 582; x_wconf 77' lang='lat' dir='ltr'><strong><em>diste</em></strong></span> <span class='ocrx_word' id='word_1_17' title='bbox 522 528 609 583; x_wconf 91' lang='lat' dir='ltr'><strong><em>etiam</em></strong></span> <span class='ocrx_word' id='word_1_18' title='bbox 623 532 653 584; x_wconf 92' lang='lat' dir='ltr'><strong><em>in</em></strong></span> <span class='ocrx_word' id='word_1_19' title='bbox 668 539 776 583; x_wconf 88' lang='lat' dir='ltr'><strong><em>senatu.</em></strong></span> <span class='ocrx_word' id='word_1_20' title='bbox 811 532 885 579; x_wconf 78' lang='lat' dir='ltr'><strong><em>Oret.</em></strong></span> <span class='ocrx_word' id='word_1_21' title='bbox 903 527 931 588; x_wconf 78' lang='lat'><strong><em>2,</em></strong></span> <span class='ocrx_word' id='word_1_22' title='bbox 948 525 977 579; x_wconf 87' lang='grc'><strong><em>6.</em></strong></span> <span class='ocrx_word' id='word_1_23' title='bbox 995 537 1025 582; x_wconf 86' lang='lat' dir='ltr'><strong><em>et</em></strong></span> <span class='ocrx_word' id='word_1_24' title='bbox 1042 525 1114 581; x_wconf 81' lang='lat' dir='ltr'><strong><em>olari</em></strong></span> <span class='ocrx_word' id='word_1_25' title='bbox 1119 522 1178 597; x_wconf 78' lang='lat' dir='ltr'><strong><em>see·</em></strong></span> 
     </span>
     <span class='ocr_line' id='line_1_4' title="bbox 197 608 1178 687; baseline 0.005 -26"><span class='ocrx_word' id='word_1_26' title='bbox 197 620 282 674; x_wconf 87' lang='lat' dir='ltr'><strong><em>runt,</em></strong></span> <span class='ocrx_word' id='word_1_27' title='bbox 311 622 340 665; x_wconf 84' lang='lat' dir='ltr'><strong><em>et</em></strong></span> <span class='ocrx_word' id='word_1_28' title='bbox 355 622 438 666; x_wconf 87' lang='lat' dir='ltr'><strong><em>antea</em></strong></span> <span class='ocrx_word' id='word_1_29' title='bbox 452 608 590 682; x_wconf 83' lang='lat' dir='ltr'><strong><em>fuerant,</em></strong></span> <span class='ocrx_word' id='word_1_30' title='bbox 608 633 657 667; x_wconf 87' lang='lat' dir='ltr'><strong><em>neo</em></strong></span> <span class='ocrx_word' id='word_1_31' title='bbox 673 626 774 687; x_wconf 88' lang='lat' dir='ltr'><strong><em>postea</em></strong></span> <span class='ocrx_word' id='word_1_32' title='bbox 787 609 960 683; x_wconf 80' lang='lat' dir='ltr'><strong><em>defecerunt·</em></strong></span> <span class='ocrx_word' id='word_1_33' title='bbox 1001 614 1112 665; x_wconf 70' lang='lat' dir='ltr'><strong><em>baeton.</em></strong></span> <span class='ocrx_word' id='word_1_34' title='bbox 1128 615 1178 666; x_wconf 85' lang='lat' dir='ltr'><strong><em>Do·</em></strong></span> 
     </span>
     <span class='ocr_line' id='line_1_5' title="bbox 197 694 1196 769; baseline 0.006 -22"><span class='ocrx_word' id='word_1_35' title='bbox 197 694 255 747; x_wconf 81' lang='lat' dir='ltr'><strong><em>mit.</em></strong></span> <span class='ocrx_word' id='word_1_36' title='bbox 278 695 305 747; x_wconf 84' lang='grc'><strong><em>2.</em></strong></span> <span class='ocrx_word' id='word_1_37' title='bbox 337 698 464 767; x_wconf 76' lang='lat' dir='ltr'><strong><em>poeticae</em></strong></span> <span class='ocrx_word' id='word_1_38' title='bbox 491 700 615 752; x_wconf 87' lang='lat' dir='ltr'><strong><em>studium</em></strong></span> <span class='ocrx_word' id='word_1_39' title='bbox 639 711 698 752; x_wconf 87' lang='lat' dir='ltr'><strong><em>tarn</em></strong></span> <span class='ocrx_word' id='word_1_40' title='bbox 720 703 858 755; x_wconf 88' lang='lat' dir='ltr'><strong><em>insuetum</em></strong></span> <span class='ocrx_word' id='word_1_41' title='bbox 885 708 971 752; x_wconf 88' lang='lat' dir='ltr'><strong><em>antea</em></strong></span> <span class='ocrx_word' id='word_1_42' title='bbox 997 695 1056 753; x_wconf 84' lang='lat' dir='ltr'><strong><em>sibi</em></strong></span> <span class='ocrx_word' id='word_1_43' title='bbox 1063 736 1072 764; x_wconf 94' lang='lat'><strong><em>,</em></strong></span> <span class='ocrx_word' id='word_1_44' title='bbox 1104 717 1196 769; x_wconf 79' lang='lat' dir='ltr'><strong><em>quare·</em></strong></span> 
     </span>
     <span class='ocr_line' id='line_1_6' title="bbox 198 780 1176 853; baseline 0.007 -21"><span class='ocrx_word' id='word_1_45' title='bbox 198 791 300 849; x_wconf 90' lang='lat' dir='ltr'><strong><em>postea</em></strong></span> <span class='ocrx_word' id='word_1_46' title='bbox 316 792 438 853; x_wconf 90' lang='lat' dir='ltr'><strong><em>spretum</em></strong></span> <span class='ocrx_word' id='word_1_47' title='bbox 453 794 482 838; x_wconf 92' lang='lat' dir='ltr'><strong><em>et</em></strong></span> <span class='ocrx_word' id='word_1_48' title='bbox 495 780 642 839; x_wconf 84' lang='lat' dir='ltr'><strong><em>obiectam.</em></strong></span> <span class='ocrx_word' id='word_1_49' title='bbox 659 786 714 837; x_wconf 84' lang='lat' dir='ltr'><strong><em>Cio.</em></strong></span> <span class='ocrx_word' id='word_1_50' title='bbox 732 786 766 837; x_wconf 81' lang='lat' dir='ltr'><strong><em>ed</em></strong></span> <span class='ocrx_word' id='word_1_51' title='bbox 783 789 838 836; x_wconf 77' lang='lat' dir='ltr'><strong><em>Att.</em></strong></span> <span class='ocrx_word' id='word_1_52' title='bbox 861 786 886 849; x_wconf 88' lang='lat'><strong><em>1,</em></strong></span> <span class='ocrx_word' id='word_1_53' title='bbox 905 782 947 836; x_wconf 83' lang='lat'><strong><em>11.</em></strong></span> <span class='ocrx_word' id='word_1_54' title='bbox 968 793 999 839; x_wconf 91' lang='lat' dir='ltr'><strong><em>et</em></strong></span> <span class='ocrx_word' id='word_1_55' title='bbox 1014 802 1078 837; x_wconf 92' lang='lat' dir='ltr'><strong><em>mea</em></strong></span> <span class='ocrx_word' id='word_1_56' title='bbox 1088 796 1176 853; x_wconf 88' lang='lat' dir='ltr'><strong><em>sponte</em></strong></span> 
     </span>
     <span class='ocr_line' id='line_1_7' title="bbox 192 859 1177 941; baseline 0.006 -24"><span class='ocrx_word' id='word_1_57' title='bbox 192 859 339 934; x_wconf 77' lang='lat' dir='ltr'><strong><em>faciebam</em></strong></span> <span class='ocrx_word' id='word_1_58' title='bbox 361 878 460 934; x_wconf 86' lang='lat' dir='ltr'><strong><em>antea,</em></strong></span> <span class='ocrx_word' id='word_1_59' title='bbox 484 880 513 922; x_wconf 87' lang='lat' dir='ltr'><strong><em>et</em></strong></span> <span class='ocrx_word' id='word_1_60' title='bbox 530 881 598 941; x_wconf 91' lang='lat' dir='ltr'><strong><em>post</em></strong></span> <span class='ocrx_word' id='word_1_61' title='bbox 614 868 723 923; x_wconf 84' lang='lat' dir='ltr'><strong><em>duabus</em></strong></span> <span class='ocrx_word' id='word_1_62' title='bbox 741 868 871 940; x_wconf 88' lang='lat' dir='ltr'><strong><em>epistolis</em></strong></span> <span class='ocrx_word' id='word_1_63' title='bbox 893 871 951 923; x_wconf 88' lang='lat' dir='ltr'><strong><em>tuis</em></strong></span> <span class='ocrx_word' id='word_1_64' title='bbox 966 895 1002 912; x_wconf 72' lang='grc' dir='ltr'><strong><em>ι·</em></strong></span> <span class='ocrx_word' id='word_1_65' title='bbox 1018 886 1177 940; x_wconf 72' lang='lat' dir='ltr'><strong><em>magnopere</em></strong></span> 
     </span>
     <span class='ocr_line' id='line_1_8' title="bbox 198 952 1176 1027; baseline 0.007 -27"><span class='ocrx_word' id='word_1_66' title='bbox 198 966 260 1002; x_wconf 88' lang='lat' dir='ltr'><strong><em>sum</em></strong></span> <span class='ocrx_word' id='word_1_67' title='bbox 274 964 434 1006; x_wconf 86' lang='lat' dir='ltr'><strong><em>commotus·</em></strong></span> <span class='ocrx_word' id='word_1_68' title='bbox 469 954 502 1019; x_wconf 72' lang='lat'><strong><em>4,</em></strong></span> <span class='ocrx_word' id='word_1_69' title='bbox 519 956 546 1010; x_wconf 79' lang='grc'><strong><em>3.</em></strong></span> <span class='ocrx_word' id='word_1_70' title='bbox 570 961 673 1010; x_wconf 90' lang='lat' dir='ltr'><strong><em>etenim</em></strong></span> <span class='ocrx_word' id='word_1_71' title='bbox 692 967 794 1019; x_wconf 89' lang='lat' dir='ltr'><strong><em>antea,</em></strong></span> <span class='ocrx_word' id='word_1_72' title='bbox 811 974 894 1027; x_wconf 83' lang='lat' dir='ltr'><strong><em>quam</em></strong></span> <span class='ocrx_word' id='word_1_73' title='bbox 907 954 1046 1015; x_wconf 74' lang='lat' dir='ltr'><strong><em>iudicium</em></strong></span> <span class='ocrx_word' id='word_1_74' title='bbox 1061 952 1176 1021; x_wconf 78' lang='lat' dir='ltr'><strong><em>nolebat,</em></strong></span> 
     </span>
     <span class='ocr_line' id='line_1_9' title="bbox 200 1032 1197 1113; baseline 0.01 -27"><span class='ocrx_word' id='word_1_75' title='bbox 200 1032 322 1089; x_wconf 83' lang='lat' dir='ltr'><strong><em>babebat</em></strong></span> <span class='ocrx_word' id='word_1_76' title='bbox 343 1037 394 1092; x_wconf 91' lang='lat' dir='ltr'><strong><em>ille</em></strong></span> <span class='ocrx_word' id='word_1_77' title='bbox 419 1039 530 1112; x_wconf 88' lang='lat' dir='ltr'><strong><em>quidem</em></strong></span> <span class='ocrx_word' id='word_1_78' title='bbox 554 1035 703 1113; x_wconf 85' lang='lat' dir='ltr'><strong><em>difficilem</em></strong></span> <span class='ocrx_word' id='word_1_79' title='bbox 726 1036 961 1112; x_wconf 80' lang='lat' dir='ltr'><strong><em>manifestamque</em></strong></span> <span class='ocrx_word' id='word_1_80' title='bbox 984 1056 1197 1096; x_wconf 75' lang='lat' dir='ltr'><strong><em>caussam-s&#39;</em></strong></span> 
     </span>
     <span class='ocr_line' id='line_1_10' title="bbox 200 1119 1175 1192; baseline 0.01 -21"><span class='ocrx_word' id='word_1_81' title='bbox 200 1133 269 1188; x_wconf 81' lang='lat' dir='ltr'><strong><em>post</em></strong></span> <span class='ocrx_word' id='word_1_82' title='bbox 284 1119 336 1174; x_wconf 78' lang='lat' dir='ltr'><strong><em>lios</em></strong></span> <span class='ocrx_word' id='word_1_83' title='bbox 352 1127 447 1179; x_wconf 83' lang='lat' dir='ltr'><strong><em>ruinas</em></strong></span> <span class='ocrx_word' id='word_1_84' title='bbox 466 1137 517 1179; x_wconf 87' lang='lat' dir='ltr'><strong><em>eto.</em></strong></span> <span class='ocrx_word' id='word_1_85' title='bbox 545 1126 578 1177; x_wconf 84' lang='lat' dir='ltr'><strong><em>de</em></strong></span> <span class='ocrx_word' id='word_1_86' title='bbox 596 1125 648 1180; x_wconf 81' lang='lat' dir='ltr'><strong><em>off.</em></strong></span> <span class='ocrx_word' id='word_1_87' title='bbox 662 1127 695 1192; x_wconf 82' lang='lat'><strong><em>2,</em></strong></span> <span class='ocrx_word' id='word_1_88' title='bbox 712 1124 745 1192; x_wconf 87' lang='lat'><strong><em>8,</em></strong></span> <span class='ocrx_word' id='word_1_89' title='bbox 763 1125 807 1179; x_wconf 86' lang='grc'><strong><em>27.</em></strong></span> <span class='ocrx_word' id='word_1_90' title='bbox 830 1129 933 1180; x_wconf 91' lang='lat' dir='ltr'><strong><em>sensim</em></strong></span> <span class='ocrx_word' id='word_1_91' title='bbox 945 1125 1019 1179; x_wconf 77' lang='lat' dir='ltr'><strong><em>liano</em></strong></span> <span class='ocrx_word' id='word_1_92' title='bbox 1042 1139 1175 1181; x_wconf 81' lang='lat' dir='ltr'><strong><em>consuete·</em></strong></span> 
     </span>
     <span class='ocr_line' id='line_1_11' title="bbox 200 1202 1174 1282; baseline 0.007 -24"><span class='ocrx_word' id='word_1_93' title='bbox 200 1202 293 1259; x_wconf 84' lang='lat' dir='ltr'><strong><em>dinem</em></strong></span> <span class='ocrx_word' id='word_1_94' title='bbox 310 1219 338 1261; x_wconf 89' lang='lat' dir='ltr'><strong><em>et</em></strong></span> <span class='ocrx_word' id='word_1_95' title='bbox 352 1208 534 1281; x_wconf 75' lang='lat' dir='ltr'><strong><em>disciplinam</em></strong></span> <span class='ocrx_word' id='word_1_96' title='bbox 556 1215 612 1267; x_wconf 87' lang='lat' dir='ltr'><strong><em>iam</em></strong></span> <span class='ocrx_word' id='word_1_97' title='bbox 630 1220 715 1264; x_wconf 87' lang='lat' dir='ltr'><strong><em>antea</em></strong></span> <span class='ocrx_word' id='word_1_98' title='bbox 733 1208 939 1275; x_wconf 89' lang='lat' dir='ltr'><strong><em>minuebamus‚</em></strong></span> <span class='ocrx_word' id='word_1_99' title='bbox 956 1221 1026 1282; x_wconf 85' lang='lat' dir='ltr'><strong><em>post</em></strong></span> <span class='ocrx_word' id='word_1_100' title='bbox 1038 1230 1107 1266; x_wconf 85' lang='lat' dir='ltr'><strong><em>vero</em></strong></span> <span class='ocrx_word' id='word_1_101' title='bbox 1123 1213 1174 1267; x_wconf 80' lang='lat' dir='ltr'><strong><em>Sol·</em></strong></span> 
     </span>
     <span class='ocr_line' id='line_1_12' title="bbox 198 1286 1175 1366; baseline 0.009 -23"><span class='ocrx_word' id='word_1_102' title='bbox 198 1286 247 1343; x_wconf 83' lang='lat' dir='ltr'><strong><em>lae</em></strong></span> <span class='ocrx_word' id='word_1_103' title='bbox 260 1296 407 1347; x_wconf 83' lang='lat' dir='ltr'><strong><em>uictoriam</em></strong></span> <span class='ocrx_word' id='word_1_104' title='bbox 424 1299 536 1366; x_wconf 86' lang='lat' dir='ltr'><strong><em>penitus</em></strong></span> <span class='ocrx_word' id='word_1_105' title='bbox 560 1298 713 1352; x_wconf 85' lang='lat' dir='ltr'><strong><em>omisimus.</em></strong></span> <span class='ocrx_word' id='word_1_106' title='bbox 748 1297 782 1348; x_wconf 83' lang='lat' dir='ltr'><strong><em>ad</em></strong></span> <span class='ocrx_word' id='word_1_107' title='bbox 800 1299 855 1350; x_wconf 78' lang='lat' dir='ltr'><strong><em>Att.</em></strong></span> <span class='ocrx_word' id='word_1_108' title='bbox 872 1295 906 1362; x_wconf 90' lang='grc'><strong><em>7,</em></strong></span> <span class='ocrx_word' id='word_1_109' title='bbox 925 1295 953 1349; x_wconf 79' lang='grc'><strong><em>8.</em></strong></span> <span class='ocrx_word' id='word_1_110' title='bbox 969 1315 1028 1350; x_wconf 81' lang='lat' dir='ltr'><strong><em>noes</em></strong></span> <span class='ocrx_word' id='word_1_111' title='bbox 1046 1296 1175 1352; x_wconf 86' lang='lat' dir='ltr'><strong><em>aocusabi·</em></strong></span> 
     </span>
     <span class='ocr_line' id='line_1_13' title="bbox 200 1377 1173 1453; baseline 0.008 -23"><span class='ocrx_word' id='word_1_112' title='bbox 200 1392 263 1426; x_wconf 81' lang='lat' dir='ltr'><strong><em>mur</em></strong></span> <span class='ocrx_word' id='word_1_113' title='bbox 280 1379 417 1446; x_wconf 78' lang='lat' dir='ltr'><strong><em>posthae:</em></strong></span> <span class='ocrx_word' id='word_1_114' title='bbox 443 1398 531 1451; x_wconf 83' lang='lat' dir='ltr'><strong><em>neque</em></strong></span> <span class='ocrx_word' id='word_1_115' title='bbox 546 1380 656 1437; x_wconf 76' lang='lat' dir='ltr'><strong><em>hercule</em></strong></span> <span class='ocrx_word' id='word_1_116' title='bbox 668 1392 754 1436; x_wconf 88' lang='lat' dir='ltr'><strong><em>antea</em></strong></span> <span class='ocrx_word' id='word_1_117' title='bbox 768 1380 941 1453; x_wconf 77' lang='lat' dir='ltr'><strong><em>negligentes</em></strong></span> <span class='ocrx_word' id='word_1_118' title='bbox 951 1377 1078 1452; x_wconf 83' lang='lat' dir='ltr'><strong><em>fuimus.</em></strong></span> <span class='ocrx_word' id='word_1_119' title='bbox 1114 1385 1173 1438; x_wconf 75' lang='lat' dir='ltr'><strong><em>curu</em></strong></span> 
     </span>
     <span class='ocr_line' id='line_1_14' title="bbox 200 1457 1175 1540; baseline 0.011 -26"><span class='ocrx_word' id='word_1_120' title='bbox 200 1457 348 1528; x_wconf 77' lang='grc'><strong>8,8,10.</strong></span> <span class='ocrx_word' id='word_1_121' title='bbox 372 1466 522 1521; x_wconf 82' lang='lat' dir='ltr'><strong><em>terribilem</em></strong></span> <span class='ocrx_word' id='word_1_122' title='bbox 542 1479 628 1521; x_wconf 88' lang='lat' dir='ltr'><strong><em>antea</em></strong></span> <span class='ocrx_word' id='word_1_123' title='bbox 649 1486 757 1540; x_wconf 86' lang='lat' dir='ltr'><strong><em>regem,</em></strong></span> <span class='ocrx_word' id='word_1_124' title='bbox 775 1496 810 1510; x_wconf 93' lang='lat'><em>-</em></span> <span class='ocrx_word' id='word_1_125' title='bbox 828 1477 1016 1539; x_wconf 78' lang='lat' dir='ltr'><strong><em>posteaquam</em></strong></span> <span class='ocrx_word' id='word_1_126' title='bbox 1033 1467 1175 1524; x_wconf 67' lang='lat' dir='ltr'><strong><em>aduertere</em></strong></span> 
     </span>
     <span class='ocr_line' id='line_1_15' title="bbox 201 1547 1105 1624; baseline 0.011 -27"><span class='ocrx_word' id='word_1_127' title='bbox 201 1561 232 1599; x_wconf 91' lang='lat' dir='ltr'><strong><em>se</em></strong></span> <span class='ocrx_word' id='word_1_128' title='bbox 244 1553 375 1616; x_wconf 81' lang='lat' dir='ltr'><strong><em>senserit,</em></strong></span> <span class='ocrx_word' id='word_1_129' title='bbox 406 1565 516 1607; x_wconf 87' lang='lat' dir='ltr'><strong><em>cantune</em></strong></span> <span class='ocrx_word' id='word_1_130' title='bbox 533 1572 584 1624; x_wconf 92' lang='lat' dir='ltr'><strong><em>pro</em></strong></span> <span class='ocrx_word' id='word_1_131' title='bbox 599 1555 744 1608; x_wconf 89' lang='lat' dir='ltr'><strong><em>temerario</em></strong></span> <span class='ocrx_word' id='word_1_132' title='bbox 757 1547 875 1623; x_wconf 81' lang='lat' dir='ltr'><strong><em>factum</em></strong></span> <span class='ocrx_word' id='word_1_133' title='bbox 889 1551 1036 1607; x_wconf 89' lang='lat' dir='ltr'><strong><em>delituisse</em></strong></span> <span class='ocrx_word' id='word_1_134' title='bbox 1052 1564 1105 1607; x_wconf 86' lang='lat' dir='ltr'><strong><em>etc.</em></strong></span> 
     </span>
    </p>
   </div>
   <div class='ocr_carea' id='block_1_3' title="bbox 200 1652 1203 2151">
    <p class='ocr_par' dir='ltr' id='par_1_3' title="bbox 200 1652 1203 2151">
     <span class='ocr_line' id='line_1_16' title="bbox 249 1652 1176 1729; baseline 0.012 -27"><span class='ocrx_word' id='word_1_135' title='bbox 249 1652 303 1705; x_wconf 81' lang='lat' dir='ltr'><strong><em>cic.</em></strong></span> <span class='ocrx_word' id='word_1_136' title='bbox 321 1674 348 1723; x_wconf 89' lang='lat' dir='ltr'><strong><em>p.</em></strong></span> <span class='ocrx_word' id='word_1_137' title='bbox 366 1657 424 1708; x_wconf 88' lang='lat' dir='ltr'><strong><em>Mil.</em></strong></span> <span class='ocrx_word' id='word_1_138' title='bbox 441 1659 491 1724; x_wconf 90' lang='grc'><strong><em>21,</em></strong></span> <span class='ocrx_word' id='word_1_139' title='bbox 510 1657 554 1711; x_wconf 92' lang='grc'><strong><em>55.</em></strong></span> <span class='ocrx_word' id='word_1_140' title='bbox 571 1677 678 1729; x_wconf 87' lang='lat' dir='ltr'><strong><em>semper</em></strong></span> <span class='ocrx_word' id='word_1_141' title='bbox 692 1656 743 1712; x_wconf 90' lang='lat' dir='ltr'><strong><em>ille</em></strong></span> <span class='ocrx_word' id='word_1_142' title='bbox 756 1666 842 1709; x_wconf 88' lang='lat' dir='ltr'><strong><em>antea</em></strong></span> <span class='ocrx_word' id='word_1_143' title='bbox 857 1675 917 1707; x_wconf 87' lang='lat' dir='ltr'><strong><em>eum</em></strong></span> <span class='ocrx_word' id='word_1_144' title='bbox 932 1673 1035 1721; x_wconf 76' lang='lat' dir='ltr'><strong><em>uxore,</em></strong></span> <span class='ocrx_word' id='word_1_145' title='bbox 1055 1667 1114 1710; x_wconf 86' lang='lat' dir='ltr'><strong><em>tum</em></strong></span> <span class='ocrx_word' id='word_1_146' title='bbox 1127 1662 1176 1714; x_wconf 84' lang='lat' dir='ltr'><strong><em>siae</em></strong></span> 
     </span>
     <span class='ocr_line' id='line_1_17' title="bbox 200 1736 1203 1817; baseline 0.012 -30"><span class='ocrx_word' id='word_1_147' title='bbox 200 1753 243 1788; x_wconf 87' lang='lat' dir='ltr'><strong><em>ea.</em></strong></span> <span class='ocrx_word' id='word_1_148' title='bbox 277 1738 334 1792; x_wconf 80' lang='lat' dir='ltr'><strong><em>Lir.</em></strong></span> <span class='ocrx_word' id='word_1_149' title='bbox 358 1741 411 1807; x_wconf 80' lang='grc'><strong><em>23,</em></strong></span> <span class='ocrx_word' id='word_1_150' title='bbox 437 1743 486 1808; x_wconf 87' lang='lat'><strong><em>19,</em></strong></span> <span class='ocrx_word' id='word_1_151' title='bbox 516 1743 557 1796; x_wconf 83' lang='lat'><strong><em>15.</em></strong></span> <span class='ocrx_word' id='word_1_152' title='bbox 585 1745 633 1817; x_wconf 89' lang='lat' dir='ltr'><strong><em>qui</em></strong></span> <span class='ocrx_word' id='word_1_153' title='bbox 659 1741 768 1796; x_wconf 84' lang='lat' dir='ltr'><strong><em>nullom</em></strong></span> <span class='ocrx_word' id='word_1_154' title='bbox 786 1753 870 1795; x_wconf 88' lang='lat' dir='ltr'><strong><em>antea</em></strong></span> <span class='ocrx_word' id='word_1_155' title='bbox 890 1745 1052 1812; x_wconf 80' lang='lat' dir='ltr'><strong><em>pactionem</em></strong></span> <span class='ocrx_word' id='word_1_156' title='bbox 1076 1743 1176 1799; x_wconf 80' lang='lat' dir='ltr'><strong><em>auribus</em></strong></span> <span class='ocrx_word' id='word_1_157' title='bbox 1200 1736 1203 1743; x_wconf 49' lang='lat'>¹</span> 
     </span>
     <span class='ocr_line' id='line_1_18' title="bbox 202 1822 1176 1901; baseline 0.011 -27"><span class='ocrx_word' id='word_1_158' title='bbox 202 1822 372 1892; x_wconf 80' lang='lat' dir='ltr'><strong><em>admiserat,</em></strong></span> <span class='ocrx_word' id='word_1_159' title='bbox 405 1840 463 1883; x_wconf 90' lang='lat' dir='ltr'><strong><em>tum</em></strong></span> <span class='ocrx_word' id='word_1_160' title='bbox 479 1830 590 1885; x_wconf 85' lang='lat' dir='ltr'><strong><em>demum</em></strong></span> <span class='ocrx_word' id='word_1_161' title='bbox 608 1832 658 1901; x_wconf 84' lang='lat' dir='ltr'><strong><em>agi</em></strong></span> <span class='ocrx_word' id='word_1_162' title='bbox 676 1846 768 1882; x_wconf 86' lang='lat' dir='ltr'><strong><em>seeum</em></strong></span> <span class='ocrx_word' id='word_1_163' title='bbox 787 1835 831 1881; x_wconf 91' lang='lat' dir='ltr'><strong><em>est</em></strong></span> <span class='ocrx_word' id='word_1_164' title='bbox 846 1844 948 1896; x_wconf 89' lang='lat' dir='ltr'><strong><em>passus</em></strong></span> <span class='ocrx_word' id='word_1_165' title='bbox 968 1825 1005 1881; x_wconf 86' lang='lat' dir='ltr'><strong><em>de</em></strong></span> <span class='ocrx_word' id='word_1_166' title='bbox 1019 1828 1176 1886; x_wconf 78' lang='lat' dir='ltr'><strong><em>redemtione</em></strong></span> 
     </span>
     <span class='ocr_line' id='line_1_19' title="bbox 204 1905 1175 1985; baseline 0.014 -28"><span class='ocrx_word' id='word_1_167' title='bbox 204 1905 354 1965; x_wconf 86' lang='lat' dir='ltr'><strong><em>liberorum</em></strong></span> <span class='ocrx_word' id='word_1_168' title='bbox 371 1917 504 1984; x_wconf 86' lang='lat' dir='ltr'><strong><em>capitum.</em></strong></span> <span class='ocrx_word' id='word_1_169' title='bbox 539 1918 595 1969; x_wconf 88' lang='lat' dir='ltr'><strong><em>Liv.</em></strong></span> <span class='ocrx_word' id='word_1_170' title='bbox 613 1915 664 1981; x_wconf 89' lang='grc'><strong><em>29,</em></strong></span> <span class='ocrx_word' id='word_1_171' title='bbox 681 1912 775 1978; x_wconf 87' lang='grc'><strong>9,12.</strong></span> <span class='ocrx_word' id='word_1_172' title='bbox 795 1921 823 1975; x_wconf 88' lang='lat' dir='ltr'><strong><em>et</em></strong></span> <span class='ocrx_word' id='word_1_173' title='bbox 835 1930 906 1983; x_wconf 88' lang='lat' dir='ltr'><strong><em>quae</em></strong></span> <span class='ocrx_word' id='word_1_174' title='bbox 923 1922 1010 1967; x_wconf 87' lang='lat' dir='ltr'><strong><em>antea</em></strong></span> <span class='ocrx_word' id='word_1_175' title='bbox 1027 1932 1080 1985; x_wconf 89' lang='lat' dir='ltr'><strong><em>per</em></strong></span> <span class='ocrx_word' id='word_1_176' title='bbox 1094 1913 1175 1971; x_wconf 84' lang='lat' dir='ltr'><strong><em>libidi-</em></strong></span> 
     </span>
     <span class='ocr_line' id='line_1_20' title="bbox 203 1996 1175 2070; baseline 0.012 -27"><span class='ocrx_word' id='word_1_177' title='bbox 203 2011 266 2047; x_wconf 88' lang='lat' dir='ltr'><strong><em>nem</em></strong></span> <span class='ocrx_word' id='word_1_178' title='bbox 282 2006 310 2050; x_wconf 90' lang='lat' dir='ltr'><strong><em>et</em></strong></span> <span class='ocrx_word' id='word_1_179' title='bbox 322 2003 473 2053; x_wconf 85' lang='lat' dir='ltr'><strong><em>avaritiam</em></strong></span> <span class='ocrx_word' id='word_1_180' title='bbox 482 1997 579 2070; x_wconf 82' lang='lat' dir='ltr'><strong><em>foeda</em></strong></span> <span class='ocrx_word' id='word_1_181' title='bbox 603 1997 732 2070; x_wconf 81' lang='lat' dir='ltr'><strong><em>exempla</em></strong></span> <span class='ocrx_word' id='word_1_182' title='bbox 749 2003 779 2054; x_wconf 86' lang='lat' dir='ltr'><strong><em>in</em></strong></span> <span class='ocrx_word' id='word_1_183' title='bbox 792 2002 886 2053; x_wconf 82' lang='lat' dir='ltr'><strong><em>socios</em></strong></span> <span class='ocrx_word' id='word_1_184' title='bbox 901 1996 1049 2062; x_wconf 84' lang='lat' dir='ltr'><strong><em>ediderat,</em></strong></span> <span class='ocrx_word' id='word_1_185' title='bbox 1070 2010 1133 2054; x_wconf 86' lang='lat' dir='ltr'><strong><em>tunc</em></strong></span> <span class='ocrx_word' id='word_1_186' title='bbox 1144 1997 1175 2054; x_wconf 81' lang='lat' dir='ltr'><strong><em>ab</em></strong></span> 
     </span>
     <span class='ocr_line' id='line_1_21' title="bbox 201 2079 536 2151; baseline 0.024 -21"><span class='ocrx_word' id='word_1_187' title='bbox 201 2079 244 2130; x_wconf 85' lang='lat' dir='ltr'><strong><em>ira</em></strong></span> <span class='ocrx_word' id='word_1_188' title='bbox 259 2080 432 2151; x_wconf 86' lang='lat' dir='ltr'><strong><em>multiplicia</em></strong></span> <span class='ocrx_word' id='word_1_189' title='bbox 446 2084 536 2141; x_wconf 89' lang='lat' dir='ltr'><strong><em>edere.</em></strong></span> 
     </span>
    </p>
   </div>
   <div class='ocr_carea' id='block_1_4' title="bbox 134 2180 1202 2367">
    <p class='ocr_par' dir='ltr' id='par_1_4' title="bbox 134 2180 1202 2367">
     <span class='ocr_line' id='line_1_22' title="bbox 152 2180 1173 2286; baseline 0.01 -44"><span class='ocrx_word' id='word_1_190' title='bbox 152 2262 159 2277; x_wconf 39' lang='lat'><strong>·</strong></span> <span class='ocrx_word' id='word_1_191' title='bbox 218 2180 249 2245; x_wconf 87' lang='grc'><strong><em>4.</em></strong></span> <span class='ocrx_word' id='word_1_192' title='bbox 280 2182 329 2247; x_wconf 82' lang='lat' dir='ltr'><strong><em>Ite</em></strong></span> <span class='ocrx_word' id='word_1_193' title='bbox 346 2188 445 2251; x_wconf 81' lang='lat' dir='ltr'><strong><em>etiem</em></strong></span> <span class='ocrx_word' id='word_1_194' title='bbox 461 2199 681 2277; x_wconf 84' lang='lat' dir='ltr'><strong><em>opponuntur</em></strong></span> <span class='ocrx_word' id='word_1_195' title='bbox 694 2186 833 2251; x_wconf 85' lang='lat' dir='ltr'><strong><em>nomino</em></strong></span> <span class='ocrx_word' id='word_1_196' title='bbox 850 2187 1015 2286; x_wconf 76' lang='lat' dir='ltr'><strong><em>temporis</em></strong></span> <span class='ocrx_word' id='word_1_197' title='bbox 1029 2209 1173 2275; x_wconf 78' lang='lat' dir='ltr'><strong><em>praesen·</em></strong></span> 
     </span>
     <span class='ocr_line' id='line_1_23' title="bbox 134 2271 1202 2367; baseline 0.013 -41"><span class='ocrx_word' id='word_1_198' title='bbox 134 2273 176 2327; x_wconf 79' lang='lat' dir='ltr'><strong><em>tis</em></strong></span> <span class='ocrx_word' id='word_1_199' title='bbox 193 2275 225 2326; x_wconf 89' lang='lat' dir='ltr'><strong><em>et</em></strong></span> <span class='ocrx_word' id='word_1_200' title='bbox 240 2271 400 2352; x_wconf 83' lang='lat' dir='ltr'><strong><em>proximi.</em></strong></span> <span class='ocrx_word' id='word_1_201' title='bbox 442 2273 557 2361; x_wconf 88' lang='lat' dir='ltr'><strong><em>Neque</em></strong></span> <span class='ocrx_word' id='word_1_202' title='bbox 582 2297 659 2339; x_wconf 86' lang='lat' dir='ltr'><strong><em>vero</em></strong></span> <span class='ocrx_word' id='word_1_203' title='bbox 680 2295 812 2361; x_wconf 86' lang='lat' dir='ltr'><strong><em>semper</em></strong></span> <span class='ocrx_word' id='word_1_204' title='bbox 828 2271 1022 2360; x_wconf 74' lang='lat' dir='ltr'><strong><em>intelligitur</em></strong></span> <span class='ocrx_word' id='word_1_205' title='bbox 1045 2283 1173 2367; x_wconf 79' lang='lat' dir='ltr'><strong><em>tempus,</em></strong></span> <span class='ocrx_word' id='word_1_206' title='bbox 1199 2320 1202 2329; x_wconf 85' lang='lat'>-</span> 
     </span>
    </p>
   </div>
   <div class='ocr_carea' id='block_1_5' title="bbox 133 2350 1172 2619">
    <p class='ocr_par' dir='ltr' id='par_1_5' title="bbox 133 2350 1172 2619">
     <span class='ocr_line' id='line_1_24' title="bbox 136 2350 1172 2450; baseline 0.015 -40"><span class='ocrx_word' id='word_1_207' title='bbox 136 2350 227 2436; x_wconf 90' lang='lat' dir='ltr'><strong><em>quod</em></strong></span> <span class='ocrx_word' id='word_1_208' title='bbox 246 2354 286 2416; x_wconf 84' lang='lat' dir='ltr'><strong><em>ad</em></strong></span> <span class='ocrx_word' id='word_1_209' title='bbox 304 2379 459 2442; x_wconf 82' lang='lat' dir='ltr'><strong><em>praesens</em></strong></span> <span class='ocrx_word' id='word_1_210' title='bbox 467 2383 571 2448; x_wconf 87' lang='lat' dir='ltr'><strong><em>usque</em></strong></span> <span class='ocrx_word' id='word_1_211' title='bbox 586 2359 783 2450; x_wconf 75' lang='lat' dir='ltr'><strong><em>pertinebat,</em></strong></span> <span class='ocrx_word' id='word_1_212' title='bbox 804 2357 861 2422; x_wconf 89' lang='lat' dir='ltr'><strong><em>sed</em></strong></span> <span class='ocrx_word' id='word_1_213' title='bbox 876 2358 1110 2448; x_wconf 87' lang='lat' dir='ltr'><strong><em>quodcumque</em></strong></span> <span class='ocrx_word' id='word_1_214' title='bbox 1119 2382 1172 2425; x_wconf 77' lang='lat' dir='ltr'><strong><em>¹een-</em></strong></span> 
     </span>
     <span class='ocr_line' id='line_1_25' title="bbox 133 2436 1171 2534; baseline 0.014 -39"><span class='ocrx_word' id='word_1_215' title='bbox 133 2436 287 2502; x_wconf 87' lang='lat' dir='ltr'><strong><em>tecedens</em></strong></span> <span class='ocrx_word' id='word_1_216' title='bbox 311 2465 382 2508; x_wconf 88' lang='lat' dir='ltr'><strong><em>non</em></strong></span> <span class='ocrx_word' id='word_1_217' title='bbox 410 2444 592 2510; x_wconf 81' lang='lat' dir='ltr'><strong><em>delinitum.</em></strong></span> <span class='ocrx_word' id='word_1_218' title='bbox 650 2446 834 2513; x_wconf 87' lang='lat' dir='ltr'><strong><em>Nectuntur</em></strong></span> <span class='ocrx_word' id='word_1_219' title='bbox 861 2443 923 2511; x_wconf 83' lang='lat' dir='ltr'><strong><em>hee</em></strong></span> <span class='ocrx_word' id='word_1_220' title='bbox 947 2455 1060 2534; x_wconf 80' lang='lat' dir='ltr'><strong><em>partes</em></strong></span> <span class='ocrx_word' id='word_1_221' title='bbox 1090 2467 1171 2534; x_wconf 78' lang='lat' dir='ltr'><strong><em>saepe</em></strong></span> 
     </span>
     <span class='ocr_line' id='line_1_26' title="bbox 135 2534 648 2619; baseline 0.025 -35"><span class='ocrx_word' id='word_1_222' title='bbox 135 2534 244 2611; x_wconf 85' lang='lat' dir='ltr'><strong><em>peret</em></strong></span> <span class='ocrx_word' id='word_1_223' title='bbox 264 2561 302 2574; x_wconf 93' lang='grc'>-</span> <span class='ocrx_word' id='word_1_224' title='bbox 318 2539 369 2610; x_wconf 88' lang='lat' dir='ltr'><strong><em>et,</em></strong></span> <span class='ocrx_word' id='word_1_225' title='bbox 392 2553 493 2619; x_wconf 83' lang='lat' dir='ltr'><strong><em>quum</em></strong></span> <span class='ocrx_word' id='word_1_226' title='bbox 508 2570 549 2584; x_wconf 94' lang='lat'>-</span> <span class='ocrx_word' id='word_1_227' title='bbox 565 2544 648 2599; x_wconf 82' lang='lat' dir='ltr'><strong><em>snm.</em></strong></span> 
     </span>
    </p>
   </div>
   <div class='ocr_carea' id='block_1_6' title="bbox 204 2646 1169 2894">
    <p class='ocr_par' dir='ltr' id='par_1_6' title="bbox 204 2646 1169 2894">
     <span class='ocr_line' id='line_1_27' title="bbox 241 2646 1169 2721; baseline 0.009 -26"><span class='ocrx_word' id='word_1_228' title='bbox 241 2646 296 2698; x_wconf 87' lang='lat' dir='ltr'><strong><em>Cic.</em></strong></span> <span class='ocrx_word' id='word_1_229' title='bbox 309 2669 336 2718; x_wconf 89' lang='lat' dir='ltr'><strong><em>p.</em></strong></span> <span class='ocrx_word' id='word_1_230' title='bbox 354 2653 418 2721; x_wconf 86' lang='lat' dir='ltr'><strong><em>Leg.</em></strong></span> <span class='ocrx_word' id='word_1_231' title='bbox 434 2656 506 2705; x_wconf 81' lang='lat' dir='ltr'><strong><em>Man.</em></strong></span> <span class='ocrx_word' id='word_1_232' title='bbox 522 2653 556 2721; x_wconf 87' lang='grc'><strong><em>5,</em></strong></span> <span class='ocrx_word' id='word_1_233' title='bbox 574 2653 616 2707; x_wconf 84' lang='grc'><strong><em>13.</em></strong></span> <span class='ocrx_word' id='word_1_234' title='bbox 636 2653 707 2706; x_wconf 80' lang='lat' dir='ltr'><strong><em>leuno</em></strong></span> <span class='ocrx_word' id='word_1_235' title='bbox 721 2649 875 2707; x_wconf 81' lang='lat' dir='ltr'><strong><em>audiebant</em></strong></span> <span class='ocrx_word' id='word_1_236' title='bbox 893 2661 995 2716; x_wconf 86' lang='lat' dir='ltr'><strong><em>antea,</em></strong></span> <span class='ocrx_word' id='word_1_237' title='bbox 1020 2669 1094 2704; x_wconf 86' lang='lat' dir='ltr'><strong><em>nunc</em></strong></span> <span class='ocrx_word' id='word_1_238' title='bbox 1106 2667 1169 2720; x_wconf 87' lang='lat' dir='ltr'><strong><em>pree·</em></strong></span> 
     </span>
     <span class='ocr_line' id='line_1_28' title="bbox 204 2729 1168 2810; baseline 0.007 -30"><span class='ocrx_word' id='word_1_239' title='bbox 204 2742 310 2785; x_wconf 88' lang='lat' dir='ltr'><strong><em>sentem</em></strong></span> <span class='ocrx_word' id='word_1_240' title='bbox 324 2737 421 2792; x_wconf 83' lang='lat' dir='ltr'><strong><em>vident</em></strong></span> <span class='ocrx_word' id='word_1_241' title='bbox 437 2748 519 2791; x_wconf 87' lang='lat' dir='ltr'><strong><em>tanta</em></strong></span> <span class='ocrx_word' id='word_1_242' title='bbox 536 2741 720 2810; x_wconf 87' lang='lat' dir='ltr'><strong><em>temperantia</em></strong></span> <span class='ocrx_word' id='word_1_243' title='bbox 736 2751 786 2792; x_wconf 84' lang='lat' dir='ltr'><strong><em>eto.</em></strong></span> <span class='ocrx_word' id='word_1_244' title='bbox 822 2738 856 2789; x_wconf 83' lang='lat' dir='ltr'><strong><em>ad</em></strong></span> <span class='ocrx_word' id='word_1_245' title='bbox 871 2740 942 2788; x_wconf 84' lang='lat' dir='ltr'><strong><em>Fam.</em></strong></span> <span class='ocrx_word' id='word_1_246' title='bbox 959 2736 993 2802; x_wconf 87' lang='lat'><strong><em>9,</em></strong></span> <span class='ocrx_word' id='word_1_247' title='bbox 1012 2736 1061 2803; x_wconf 89' lang='lat'><strong><em>16,</em></strong></span> <span class='ocrx_word' id='word_1_248' title='bbox 1081 2734 1119 2788; x_wconf 87' lang='lat'><strong><em>17.</em></strong></span> <span class='ocrx_word' id='word_1_249' title='bbox 1129 2729 1168 2804; x_wconf 69' lang='lat' dir='ltr'><strong><em>je·</em></strong></span> 
     </span>
     <span class='ocr_line' id='line_1_29' title="bbox 204 2815 1092 2894; baseline 0.008 -27"><span class='ocrx_word' id='word_1_250' title='bbox 204 2815 313 2872; x_wconf 75' lang='lat' dir='ltr'><strong><em>uilitate</em></strong></span> <span class='ocrx_word' id='word_1_251' title='bbox 328 2841 388 2876; x_wconf 89' lang='lat' dir='ltr'><strong><em>mea</em></strong></span> <span class='ocrx_word' id='word_1_252' title='bbox 404 2827 460 2878; x_wconf 91' lang='lat' dir='ltr'><strong><em>ista</em></strong></span> <span class='ocrx_word' id='word_1_253' title='bbox 472 2820 641 2894; x_wconf 75' lang='lat' dir='ltr'><strong><em>ferebantur</em></strong></span> <span class='ocrx_word' id='word_1_254' title='bbox 654 2836 753 2888; x_wconf 88' lang='lat' dir='ltr'><strong><em>antea,</em></strong></span> <span class='ocrx_word' id='word_1_255' title='bbox 773 2842 844 2877; x_wconf 89' lang='lat' dir='ltr'><strong><em>nunc</em></strong></span> <span class='ocrx_word' id='word_1_256' title='bbox 859 2832 969 2875; x_wconf 86' lang='lat' dir='ltr'><strong><em>mutata</em></strong></span> <span class='ocrx_word' id='word_1_257' title='bbox 981 2840 1026 2875; x_wconf 87' lang='lat' dir='ltr'><strong><em>res</em></strong></span> <span class='ocrx_word' id='word_1_258' title='bbox 1040 2831 1092 2876; x_wconf 83' lang='lat' dir='ltr'><strong><em>est.</em></strong></span> 
     </span>
    </p>
   </div>
   <div class='ocr_carea' id='block_1_7' title="bbox 201 2922 1214 3490">
    <p class='ocr_par' dir='ltr' id='par_1_7' title="bbox 201 2922 1214 3490">
     <span class='ocr_line' id='line_1_30' title="bbox 237 2922 1168 2998; baseline 0.001 -25"><span class='ocrx_word' id='word_1_259' title='bbox 237 2923 294 2974; x_wconf 87' lang='lat' dir='ltr'><strong><em>Liv.</em></strong></span> <span class='ocrx_word' id='word_1_260' title='bbox 309 2922 345 2990; x_wconf 88' lang='grc'><strong><em>5,</em></strong></span> <span class='ocrx_word' id='word_1_261' title='bbox 364 2927 413 2990; x_wconf 88' lang='grc'><strong><em>17,</em></strong></span> <span class='ocrx_word' id='word_1_262' title='bbox 428 2927 453 2978; x_wconf 90' lang='grc'><strong><em>7.</em></strong></span> <span class='ocrx_word' id='word_1_263' title='bbox 470 2940 555 2983; x_wconf 91' lang='lat' dir='ltr'><strong><em>antea</em></strong></span> <span class='ocrx_word' id='word_1_264' title='bbox 568 2947 597 2982; x_wconf 88' lang='lat' dir='ltr'><strong><em>se</em></strong></span> <span class='ocrx_word' id='word_1_265' title='bbox 614 2928 644 2982; x_wconf 89' lang='lat' dir='ltr'><strong><em>id</em></strong></span> <span class='ocrx_word' id='word_1_266' title='bbox 662 2925 824 2982; x_wconf 87' lang='lat' dir='ltr'><strong><em>Veientibus</em></strong></span> <span class='ocrx_word' id='word_1_267' title='bbox 840 2943 973 2998; x_wconf 82' lang='lat' dir='ltr'><strong><em>negasse,</em></strong></span> <span class='ocrx_word' id='word_1_268' title='bbox 991 2950 1028 2964; x_wconf 89' lang='lat'>-</span> <span class='ocrx_word' id='word_1_269' title='bbox 1044 2942 1113 2978; x_wconf 85' lang='lat' dir='ltr'><strong><em>nuno</em></strong></span> <span class='ocrx_word' id='word_1_270' title='bbox 1126 2926 1168 2979; x_wconf 76' lang='lat' dir='ltr'><strong><em>isa</em></strong></span> 
     </span>
     <span class='ocr_line' id='line_1_31' title="bbox 201 3007 1167 3084; baseline 0 -23"><span class='ocrx_word' id='word_1_271' title='bbox 201 3022 304 3073; x_wconf 76' lang='lat' dir='ltr'><strong><em>prose</em></strong></span> <span class='ocrx_word' id='word_1_272' title='bbox 320 3007 473 3078; x_wconf 87' lang='lat' dir='ltr'><strong><em>fortunam</em></strong></span> <span class='ocrx_word' id='word_1_273' title='bbox 499 3032 575 3065; x_wconf 89' lang='lat' dir='ltr'><strong><em>suom</em></strong></span> <span class='ocrx_word' id='word_1_274' title='bbox 599 3013 658 3067; x_wconf 90' lang='lat' dir='ltr'><strong><em>illis</em></strong></span> <span class='ocrx_word' id='word_1_275' title='bbox 683 3032 793 3084; x_wconf 83' lang='lat' dir='ltr'><strong><em>negare.</em></strong></span> <span class='ocrx_word' id='word_1_276' title='bbox 827 3009 862 3073; x_wconf 87' lang='grc'><strong><em>5,</em></strong></span> <span class='ocrx_word' id='word_1_277' title='bbox 881 3012 914 3073; x_wconf 87' lang='grc'><strong><em>2,</em></strong></span> <span class='ocrx_word' id='word_1_278' title='bbox 940 3010 983 3061; x_wconf 90' lang='grc'><strong>10.</strong></span> <span class='ocrx_word' id='word_1_279' title='bbox 1010 3021 1094 3064; x_wconf 87' lang='lat' dir='ltr'><strong><em>antea</em></strong></span> <span class='ocrx_word' id='word_1_280' title='bbox 1111 3010 1167 3061; x_wconf 80' lang='lat' dir='ltr'><strong><em>triae</em></strong></span> 
     </span>
     <span class='ocr_line' id='line_1_32' title="bbox 205 3088 1168 3167; baseline 0.004 -27"><span class='ocrx_word' id='word_1_281' title='bbox 205 3088 269 3142; x_wconf 84' lang='lat' dir='ltr'><strong><em>loca</em></strong></span> <span class='ocrx_word' id='word_1_282' title='bbox 288 3114 348 3146; x_wconf 87' lang='lat' dir='ltr'><strong><em>cum</em></strong></span> <span class='ocrx_word' id='word_1_283' title='bbox 365 3101 542 3152; x_wconf 78' lang='lat' dir='ltr'><strong><em>contentione</em></strong></span> <span class='ocrx_word' id='word_1_284' title='bbox 561 3116 668 3149; x_wconf 87' lang='lat' dir='ltr'><strong><em>summa</em></strong></span> <span class='ocrx_word' id='word_1_285' title='bbox 692 3098 827 3167; x_wconf 85' lang='lat' dir='ltr'><strong><em>patricios</em></strong></span> <span class='ocrx_word' id='word_1_286' title='bbox 845 3095 957 3165; x_wconf 82' lang='lat' dir='ltr'><strong><em>explere</em></strong></span> <span class='ocrx_word' id='word_1_287' title='bbox 979 3095 1099 3149; x_wconf 78' lang='lat' dir='ltr'><strong><em>solitos:</em></strong></span> <span class='ocrx_word' id='word_1_288' title='bbox 1113 3111 1168 3146; x_wconf 85' lang='lat' dir='ltr'><strong><em>nune</em></strong></span> 
     </span>
     <span class='ocr_line' id='line_1_33' title="bbox 203 3177 1214 3255; baseline 0.001 -27"><span class='ocrx_word' id='word_1_289' title='bbox 203 3177 261 3228; x_wconf 89' lang='lat' dir='ltr'><strong><em>iam</em></strong></span> <span class='ocrx_word' id='word_1_290' title='bbox 273 3183 418 3251; x_wconf 86' lang='lat' dir='ltr'><strong><em>octoiuges</em></strong></span> <span class='ocrx_word' id='word_1_291' title='bbox 425 3183 464 3235; x_wconf 91' lang='lat' dir='ltr'><strong><em>ad</em></strong></span> <span class='ocrx_word' id='word_1_292' title='bbox 472 3185 590 3251; x_wconf 89' lang='lat' dir='ltr'><strong><em>imperia</em></strong></span> <span class='ocrx_word' id='word_1_293' title='bbox 597 3181 749 3236; x_wconf 88' lang='lat' dir='ltr'><strong><em>obtinenda</em></strong></span> <span class='ocrx_word' id='word_1_294' title='bbox 759 3185 807 3235; x_wconf 87' lang='lat' dir='ltr'><strong><em>ire.</em></strong></span> <span class='ocrx_word' id='word_1_295' title='bbox 842 3180 884 3245; x_wconf 77' lang='lat'><strong><em>13,</em></strong></span> <span class='ocrx_word' id='word_1_296' title='bbox 894 3177 938 3244; x_wconf 84' lang='grc'><strong><em>41,</em></strong></span> <span class='ocrx_word' id='word_1_297' title='bbox 947 3179 974 3233; x_wconf 79' lang='grc'><strong><em>3.</em></strong></span> <span class='ocrx_word' id='word_1_298' title='bbox 993 3182 1048 3232; x_wconf 87' lang='lat' dir='ltr'><strong><em>Cic.</em></strong></span> <span class='ocrx_word' id='word_1_299' title='bbox 1064 3182 1092 3231; x_wconf 86' lang='lat' dir='ltr'><strong><em>in</em></strong></span> <span class='ocrx_word' id='word_1_300' title='bbox 1106 3183 1166 3232; x_wconf 80' lang='lat' dir='ltr'><strong><em>Verr·</em></strong></span> <span class='ocrx_word' id='word_1_301' title='bbox 1209 3240 1214 3255; x_wconf 39' lang='grc' dir='ltr'>ι</span> 
     </span>
     <span class='ocr_line' id='line_1_34' title="bbox 204 3259 1166 3341; baseline -0.009 -18"><span class='ocrx_word' id='word_1_302' title='bbox 204 3259 238 3323; x_wconf 78' lang='lat'><strong><em>8,</em></strong></span> <span class='ocrx_word' id='word_1_303' title='bbox 256 3259 308 3328; x_wconf 82' lang='lat'><strong><em>57,</em></strong></span> <span class='ocrx_word' id='word_1_304' title='bbox 327 3265 385 3318; x_wconf 82' lang='lat'><strong><em>130.</em></strong></span> <span class='ocrx_word' id='word_1_305' title='bbox 406 3287 463 3321; x_wconf 86' lang='lat' dir='ltr'><strong><em>non</em></strong></span> <span class='ocrx_word' id='word_1_306' title='bbox 477 3268 613 3322; x_wconf 79' lang='lat' dir='ltr'><strong><em>boemano</em></strong></span> <span class='ocrx_word' id='word_1_307' title='bbox 630 3270 750 3341; x_wconf 78' lang='lat' dir='ltr'><strong><em>primum</em></strong></span> <span class='ocrx_word' id='word_1_308' title='bbox 766 3266 847 3320; x_wconf 82' lang='lat' dir='ltr'><strong><em>audit</em></strong></span> <span class='ocrx_word' id='word_1_309' title='bbox 861 3269 990 3335; x_wconf 87' lang='lat' dir='ltr'><strong><em>privatus</em></strong></span> <span class='ocrx_word' id='word_1_310' title='bbox 1009 3264 1045 3319; x_wconf 88' lang='lat' dir='ltr'><strong><em>de</em></strong></span> <span class='ocrx_word' id='word_1_311' title='bbox 1063 3266 1166 3326; x_wconf 79' lang='lat' dir='ltr'><strong><em>inimico,</em></strong></span> 
     </span>
     <span class='ocr_line' id='line_1_35' title="bbox 202 3349 1169 3422; baseline 0.003 -23"><span class='ocrx_word' id='word_1_312' title='bbox 202 3366 266 3400; x_wconf 87' lang='lat' dir='ltr'><strong><em>reus</em></strong></span> <span class='ocrx_word' id='word_1_313' title='bbox 285 3349 322 3415; x_wconf 74' lang='lat' dir='ltr'><strong><em>ab</em></strong></span> <span class='ocrx_word' id='word_1_314' title='bbox 348 3365 517 3409; x_wconf 86' lang='lat' dir='ltr'><strong><em>accusatore.</em></strong></span> <span class='ocrx_word' id='word_1_315' title='bbox 564 3356 625 3408; x_wconf 88' lang='lat' dir='ltr'><strong><em>Iam</em></strong></span> <span class='ocrx_word' id='word_1_316' title='bbox 652 3365 736 3408; x_wconf 88' lang='lat' dir='ltr'><strong><em>antea</em></strong></span> <span class='ocrx_word' id='word_1_317' title='bbox 758 3357 789 3409; x_wconf 90' lang='lat' dir='ltr'><strong><em>in</em></strong></span> <span class='ocrx_word' id='word_1_318' title='bbox 809 3351 882 3407; x_wconf 85' lang='lat' dir='ltr'><strong><em>sella</em></strong></span> <span class='ocrx_word' id='word_1_319' title='bbox 903 3351 1002 3405; x_wconf 87' lang='lat' dir='ltr'><strong><em>sedens</em></strong></span> <span class='ocrx_word' id='word_1_320' title='bbox 1021 3361 1130 3422; x_wconf 87' lang='lat' dir='ltr'><strong><em>praetor</em></strong></span> <span class='ocrx_word' id='word_1_321' title='bbox 1143 3373 1169 3389; x_wconf 90' lang='lat'>-</span> 
     </span>
     <span class='ocr_line' id='line_1_36' title="bbox 205 3432 449 3490; baseline 0.004 -5"><span class='ocrx_word' id='word_1_322' title='bbox 205 3432 309 3488; x_wconf 85' lang='lat' dir='ltr'><strong><em>millies</em></strong></span> <span class='ocrx_word' id='word_1_323' title='bbox 329 3436 449 3490; x_wconf 85' lang='lat' dir='ltr'><strong><em>audivit.</em></strong></span> 
     </span>
    </p>
   </div>
   <div class='ocr_carea' id='block_1_8' title="bbox 203 3537 1170 3936">
    <p class='ocr_par' dir='ltr' id='par_1_8' title="bbox 203 3537 1170 3936">
     <span class='ocr_line' id='line_1_37' title="bbox 242 3537 1170 3614; baseline 0.001 -27"><span class='ocrx_word' id='word_1_324' title='bbox 242 3537 296 3590; x_wconf 85' lang='lat' dir='ltr'><strong><em>Cic.</em></strong></span> <span class='ocrx_word' id='word_1_325' title='bbox 312 3539 378 3590; x_wconf 89' lang='lat' dir='ltr'><strong><em>Phil.</em></strong></span> <span class='ocrx_word' id='word_1_326' title='bbox 397 3540 446 3602; x_wconf 90' lang='grc'><strong>10,</strong></span> <span class='ocrx_word' id='word_1_327' title='bbox 466 3540 500 3605; x_wconf 89' lang='grc'><strong>6,</strong></span> <span class='ocrx_word' id='word_1_328' title='bbox 520 3541 560 3594; x_wconf 81' lang='grc'><strong><em>13.</em></strong></span> <span class='ocrx_word' id='word_1_329' title='bbox 578 3545 668 3614; x_wconf 85' lang='lat' dir='ltr'><strong><em>quiet</em></strong></span> <span class='ocrx_word' id='word_1_330' title='bbox 687 3553 770 3595; x_wconf 87' lang='lat' dir='ltr'><strong><em>antea</em></strong></span> <span class='ocrx_word' id='word_1_331' title='bbox 791 3545 850 3595; x_wconf 87' lang='lat' dir='ltr'><strong><em>iure</em></strong></span> <span class='ocrx_word' id='word_1_332' title='bbox 865 3539 1000 3593; x_wconf 86' lang='lat' dir='ltr'><strong><em>laudatus</em></strong></span> <span class='ocrx_word' id='word_1_333' title='bbox 1018 3559 1035 3593; x_wconf 91' lang='lat' dir='ltr'><strong><em>a</em></strong></span> <span class='ocrx_word' id='word_1_334' title='bbox 1052 3538 1137 3603; x_wconf 85' lang='lat' dir='ltr'><strong><em>nobis,</em></strong></span> <span class='ocrx_word' id='word_1_335' title='bbox 1150 3543 1170 3588; x_wconf 83' lang='lat' dir='ltr'><strong><em>et</em></strong></span> 
     </span>
     <span class='ocr_line' id='line_1_38' title="bbox 204 3618 1170 3694; baseline 0.003 -24"><span class='ocrx_word' id='word_1_336' title='bbox 204 3618 257 3672; x_wconf 79' lang='lat' dir='ltr'><strong><em>boc</em></strong></span> <span class='ocrx_word' id='word_1_337' title='bbox 272 3637 396 3694; x_wconf 88' lang='lat' dir='ltr'><strong><em>tempore</em></strong></span> <span class='ocrx_word' id='word_1_338' title='bbox 412 3630 509 3680; x_wconf 86' lang='lat' dir='ltr'><strong><em>merito</em></strong></span> <span class='ocrx_word' id='word_1_339' title='bbox 525 3626 685 3679; x_wconf 81' lang='lat' dir='ltr'><strong><em>laudandus</em></strong></span> <span class='ocrx_word' id='word_1_340' title='bbox 698 3637 748 3679; x_wconf 89' lang='lat' dir='ltr'><strong><em>est.</em></strong></span> <span class='ocrx_word' id='word_1_341' title='bbox 783 3627 817 3677; x_wconf 83' lang='lat' dir='ltr'><strong><em>ad</em></strong></span> <span class='ocrx_word' id='word_1_342' title='bbox 834 3627 906 3675; x_wconf 86' lang='lat' dir='ltr'><strong><em>Fam.</em></strong></span> <span class='ocrx_word' id='word_1_343' title='bbox 924 3624 1021 3690; x_wconf 88' lang='grc'><strong>6,21,</strong></span> <span class='ocrx_word' id='word_1_344' title='bbox 1041 3625 1066 3676; x_wconf 89' lang='lat'><strong><em>1.</em></strong></span> <span class='ocrx_word' id='word_1_345' title='bbox 1100 3618 1170 3689; x_wconf 81' lang='lat' dir='ltr'><strong><em>t,15,</em></strong></span> 
     </span>
     <span class='ocr_line' id='line_1_39' title="bbox 203 3705 1170 3780; baseline 0.002 -21"><span class='ocrx_word' id='word_1_346' title='bbox 203 3705 230 3757; x_wconf 79' lang='grc'><strong><em>3.</em></strong></span> <span class='ocrx_word' id='word_1_347' title='bbox 265 3707 296 3759; x_wconf 91' lang='grc'><strong><em>11</em></strong></span> <span class='ocrx_word' id='word_1_348' title='bbox 306 3748 313 3772; x_wconf 95' lang='grc'><strong><em>,</em></strong></span> <span class='ocrx_word' id='word_1_349' title='bbox 333 3709 367 3774; x_wconf 87' lang='grc'><strong>8,</strong></span> <span class='ocrx_word' id='word_1_350' title='bbox 384 3711 409 3763; x_wconf 90' lang='grc'><strong><em>2.</em></strong></span> <span class='ocrx_word' id='word_1_351' title='bbox 446 3712 495 3776; x_wconf 90' lang='grc'><strong>12,</strong></span> <span class='ocrx_word' id='word_1_352' title='bbox 512 3711 562 3774; x_wconf 80' lang='grc'><strong><em>80,</em></strong></span> <span class='ocrx_word' id='word_1_353' title='bbox 582 3709 607 3761; x_wconf 84' lang='grc'><strong><em>5.</em></strong></span> <span class='ocrx_word' id='word_1_354' title='bbox 627 3731 692 3763; x_wconf 88' lang='lat' dir='ltr'><strong><em>nam</em></strong></span> <span class='ocrx_word' id='word_1_355' title='bbox 715 3730 799 3780; x_wconf 88' lang='lat' dir='ltr'><strong><em>qrerern</em></strong></span> <span class='ocrx_word' id='word_1_356' title='bbox 818 3721 902 3764; x_wconf 86' lang='lat' dir='ltr'><strong><em>antea</em></strong></span> <span class='ocrx_word' id='word_1_357' title='bbox 923 3709 1079 3765; x_wconf 83' lang='lat' dir='ltr'><strong><em>distinebar</em></strong></span> <span class='ocrx_word' id='word_1_358' title='bbox 1100 3707 1170 3761; x_wconf 79' lang='lat' dir='ltr'><strong><em>mati·</em></strong></span> 
     </span>
     <span class='ocr_line' id='line_1_40' title="bbox 206 3791 1170 3867; baseline 0.006 -28"><span class='ocrx_word' id='word_1_359' title='bbox 206 3791 258 3840; x_wconf 88' lang='lat' dir='ltr'><strong><em>mis</em></strong></span> <span class='ocrx_word' id='word_1_360' title='bbox 276 3793 509 3864; x_wconf 81' lang='lat' dir='ltr'><strong><em>occupationibus</em></strong></span> <span class='ocrx_word' id='word_1_361' title='bbox 524 3818 577 3850; x_wconf 90' lang='lat'><strong><em>-.·</em></strong></span> <span class='ocrx_word' id='word_1_362' title='bbox 604 3807 663 3855; x_wconf 81' lang='lat' dir='ltr'><strong><em>tum</em></strong></span> <span class='ocrx_word' id='word_1_363' title='bbox 678 3795 730 3850; x_wconf 77' lang='lat' dir='ltr'><strong><em>tce</em></strong></span> <span class='ocrx_word' id='word_1_364' title='bbox 748 3808 872 3867; x_wconf 83' lang='lat' dir='ltr'><strong><em>tempore</em></strong></span> <span class='ocrx_word' id='word_1_365' title='bbox 885 3794 975 3848; x_wconf 78' lang='lat' dir='ltr'><strong><em>neulto</em></strong></span> <span class='ocrx_word' id='word_1_366' title='bbox 991 3794 1128 3851; x_wconf 84' lang='lat' dir='ltr'><strong><em>distineor</em></strong></span> <span class='ocrx_word' id='word_1_367' title='bbox 1138 3809 1170 3846; x_wconf 81' lang='lat' dir='ltr'><strong><em>ot·</em></strong></span> 
     </span>
     <span class='ocr_line' id='line_1_41' title="bbox 204 3874 409 3936; baseline 0 -8"><span class='ocrx_word' id='word_1_368' title='bbox 204 3874 368 3936; x_wconf 74' lang='lat' dir='ltr'><strong><em>bententius.</em></strong></span> <span class='ocrx_word' id='word_1_369' title='bbox 407 3922 409 3928; x_wconf 89' lang='grc'><strong>,</strong></span> 
     </span>
    </p>
   </div>
   <div class='ocr_carea' id='block_1_9' title="bbox 205 3981 1178 4231">
    <p class='ocr_par' dir='ltr' id='par_1_9' title="bbox 205 3981 1178 4231">
     <span class='ocr_line' id='line_1_42' title="bbox 239 3981 1177 4057; baseline 0 -25"><span class='ocrx_word' id='word_1_370' title='bbox 239 3981 293 4033; x_wconf 81' lang='lat' dir='ltr'><strong><em>Cic.</em></strong></span> <span class='ocrx_word' id='word_1_371' title='bbox 309 3984 343 4034; x_wconf 82' lang='lat' dir='ltr'><strong><em>ad</em></strong></span> <span class='ocrx_word' id='word_1_372' title='bbox 360 3986 432 4035; x_wconf 85' lang='lat' dir='ltr'><strong><em>Fam.</em></strong></span> <span class='ocrx_word' id='word_1_373' title='bbox 450 3983 499 4050; x_wconf 76' lang='lat'><strong><em>13,</em></strong></span> <span class='ocrx_word' id='word_1_374' title='bbox 521 3985 563 4037; x_wconf 88' lang='grc'><strong><em>17.</em></strong></span> <span class='ocrx_word' id='word_1_375' title='bbox 593 3983 690 4039; x_wconf 82' lang='lat' dir='ltr'><strong><em>&#39;Patris</em></strong></span> <span class='ocrx_word' id='word_1_376' title='bbox 715 4004 799 4057; x_wconf 87' lang='lat' dir='ltr'><strong><em>quum</em></strong></span> <span class='ocrx_word' id='word_1_377' title='bbox 825 3982 975 4054; x_wconf 79' lang='lat' dir='ltr'><strong><em>aliquoties</em></strong></span> <span class='ocrx_word' id='word_1_378' title='bbox 1000 3993 1101 4050; x_wconf 86' lang='lat' dir='ltr'><strong><em>antea,</em></strong></span> <span class='ocrx_word' id='word_1_379' title='bbox 1128 3992 1177 4034; x_wconf 85' lang='lat' dir='ltr'><strong><em>tum</em></strong></span> 
     </span>
     <span class='ocr_line' id='line_1_43' title="bbox 205 4066 1177 4140; baseline -0.001 -24"><span class='ocrx_word' id='word_1_380' title='bbox 205 4070 334 4135; x_wconf 74' lang='lat' dir='ltr'><strong><em>proxime</em></strong></span> <span class='ocrx_word' id='word_1_381' title='bbox 357 4068 410 4122; x_wconf 85' lang='lat' dir='ltr'><strong><em>boe</em></strong></span> <span class='ocrx_word' id='word_1_382' title='bbox 436 4073 588 4125; x_wconf 89' lang='lat' dir='ltr'><strong><em>miserrimo</em></strong></span> <span class='ocrx_word' id='word_1_383' title='bbox 615 4069 691 4124; x_wconf 90' lang='lat' dir='ltr'><strong><em>bello</em></strong></span> <span class='ocrx_word' id='word_1_384' title='bbox 725 4070 823 4124; x_wconf 82' lang='lat' dir='ltr'><strong><em>domus</em></strong></span> <span class='ocrx_word' id='word_1_385' title='bbox 840 4074 898 4124; x_wconf 87' lang='lat' dir='ltr'><strong><em>eius</em></strong></span> <span class='ocrx_word' id='word_1_386' title='bbox 917 4079 980 4122; x_wconf 86' lang='lat' dir='ltr'><strong><em>tota</em></strong></span> <span class='ocrx_word' id='word_1_387' title='bbox 997 4067 1068 4124; x_wconf 82' lang='lat' dir='ltr'><strong><em>milei</em></strong></span> <span class='ocrx_word' id='word_1_388' title='bbox 1085 4066 1177 4140; x_wconf 87' lang='lat' dir='ltr'><strong><em>patuit.</em></strong></span> 
     </span>
     <span class='ocr_line' id='line_1_44' title="bbox 206 4150 1178 4231; baseline 0.006 -30"><span class='ocrx_word' id='word_1_389' title='bbox 206 4150 240 4203; x_wconf 78' lang='lat' dir='ltr'><strong><em>de</em></strong></span> <span class='ocrx_word' id='word_1_390' title='bbox 259 4151 309 4203; x_wconf 82' lang='lat' dir='ltr'><strong><em>off.</em></strong></span> <span class='ocrx_word' id='word_1_391' title='bbox 328 4151 355 4218; x_wconf 86' lang='grc'><strong><em>2,</em></strong></span> <span class='ocrx_word' id='word_1_392' title='bbox 373 4152 400 4220; x_wconf 90' lang='grc'><strong><em>7,</em></strong></span> <span class='ocrx_word' id='word_1_393' title='bbox 420 4154 463 4209; x_wconf 81' lang='grc'><strong><em>23.</em></strong></span> <span class='ocrx_word' id='word_1_394' title='bbox 484 4159 510 4211; x_wconf 90' lang='lat' dir='ltr'><strong><em>si</em></strong></span> <span class='ocrx_word' id='word_1_395' title='bbox 525 4167 609 4212; x_wconf 86' lang='lat' dir='ltr'><strong><em>antea</em></strong></span> <span class='ocrx_word' id='word_1_396' title='bbox 621 4153 688 4228; x_wconf 80' lang='lat' dir='ltr'><strong><em>fuit</em></strong></span> <span class='ocrx_word' id='word_1_397' title='bbox 705 4159 848 4231; x_wconf 84' lang='lat' dir='ltr'><strong><em>ignotum,</em></strong></span> <span class='ocrx_word' id='word_1_398' title='bbox 868 4172 956 4227; x_wconf 84' lang='lat' dir='ltr'><strong><em>nuper</em></strong></span> <span class='ocrx_word' id='word_1_399' title='bbox 974 4165 1018 4211; x_wconf 87' lang='lat' dir='ltr'><strong><em>est</em></strong></span> <span class='ocrx_word' id='word_1_400' title='bbox 1035 4157 1178 4228; x_wconf 81' lang='lat' dir='ltr'><strong><em>cognitum·</em></strong></span> 
     </span>
    </p>
   </div>
   <div class='ocr_carea' id='block_1_10' title="bbox 0 0 1314 4770">
    <p class='ocr_par' dir='ltr' id='par_1_10' title="bbox 0 0 1314 4770">
     <span class='ocr_line' id='line_1_45' title="bbox 0 0 1314 4770; baseline 0 1"><span class='ocrx_word' id='word_1_401' title='bbox 0 0 1314 4770; x_wconf 95' lang='lat' dir='ltr'><strong><em> </em></strong></span> 
     </span>
    </p>
   </div>
  </div>
 </body>
</html>
