2618 4770
594 112 754 209 iusve.
820 156 826 169 .

477 224 480 239 ’
529 270 780 369 seuve,

139 491 142 496 ·
213 464 296 527 Ante
312 460 426 524 omnia
451 456 491 521 de
515 459 643 547 origine
665 458 842 529 dicendum
872 468 932 527 est.
976 456 1065 529 Nam
1084 458 1168 522 mulli

129 552 215 613 inter
251 543 486 635 grammaticos
518 545 735 628 exstiterunt,
768 545 826 632 qui
847 559 970 610 'Anflvc
1011 543 1167 630 antiquom

129 634 277 699 formam
292 631 472 695 verborum
494 630 543 693 ud
556 631 619 694 boc
636 653 706 695 esse
726 629 896 712 docerent,
918 628 1061 747 ideopue
1078 651 1167 693 voca-

129 719 245 783 bulum
267 729 399 802 tempus
421 711 621 802 velsectum
641 716 846 804 supplerent.
889 713 966 778 vid.
985 713 1122 777 lessius
1134 714 1168 778 do

41 838 46 847 ·
129 805 320 869 Construct.
339 806 370 865 6.
414 804 511 864 .838.
535 804 588 864 64.
604 824 638 887 p.
651 805 726 866 578.
753 799 876 864 Sanctli
892 797 976 863 Μ16.
994 799 1026 876 4,
1038 798 1071 864 4.
1087 797 1127 863 Τ.
1140 805 1167 863 2.

154 893 233 954 .72.
256 889 337 955 Β66.
401 885 482 957 rsini
513 883 621 953 Instit.
653 887 696 961 T,
717 892 746 954 1.
776 910 811 974 p.
825 889 900 954 920.
931 882 974 948 T.
990 889 1023 949 2.
1051 907 1087 971 p.
1103 883 1164 949 436.

127 913 195 1039 bed
220 973 310 1060 quod
322 971 373 1035 ⁴dc
384 970 515 1035 ablativi
530 970 644 1037 forme
658 982 748 1037 recte
761 969 962 1050 affirmatur,
977 991 1052 1036 eam
1067 968 1165 1057 dupli·

129 1081 203 1123 ecm
226 1057 308 1123 olim
323 1055 426 1121 fuisse
443 1056 505 1120 boc
523 1067 556 1121 et
569 1056 653 1135 duc,
685 1056 720 1120 id
737 1078 808 1121 non
823 1064 960 1144 poterat
979 1053 1021 1117 ad
1042 1076 1164 1118 accusa-

128 1144 236 1213 tivum
265 1141 413 1219 neutrius
443 1142 570 1228 generis
599 1141 789 1220 transferri,
824 1161 932 1227 neque
958 1140 1058 1213 ctiam
1081 1139 1166 1205 'verbe

129 1227 251 1310 ambo,
282 1227 369 1308 (166,
393 1246 477 1320 quae
502 1227 605 1292 dualis
630 1214 754 1293 habent
766 1226 936 1308 formam,
971 1225 1164 1323 comparari:

127 1314 185 1379 sed
199 1311 496 1389 demonstrandum
519 1322 600 1395 erat,
623 1312 658 1377 in
673 1314 754 1394 buc,
772 1335 846 1400 quo,
867 1335 905 1381 eo
930 1310 999 1382 atiti
1027 1331 1059 1373 ui
1081 1308 1167 1381 dativi

128 1399 272 1464 litteram
288 1398 304 1463 I
322 1396 435 1470 elisam
445 1420 524 1481 esse,
534 1390 642 1492 ne'quc
658 1421 701 1472 ex
714 1420 792 1463 6666
808 1395 944 1484 originis
960 1333 1168 1466 1666161661-
1218 1450 1221 1475 ,

127 1496 202 1548 tum
228 1483 361 1569 differre
379 1482 491 1553 adbuc
515 1485 556 1548 ab
581 1484 681 1558 adep.
715 1484 800 1554 Rem
823 1483 943 1555 acriter
962 1488 1173 1568 perspexerat

127 1591 213 1634 unus
236 1569 426 1633 Perizonius
449 1568 490 1632 cd
515 1568 625 1635 Sanct.
660 1593 696 1662 p.
722 1573 798 1633 700.
830 1567 872 1641 Τ,
892 1572 923 1634 1.
952 1588 988 1659 p.
1004 1571 1057 1636 72.
1082 1566 1126 1638 T.
1144 1569 1175 1628 2.

126 1679 188 1720 666
204 1655 352 1727 dubitare
375 1654 514 1717 debebat
536 1655 577 1719 de
592 1655 771 1727 sentcntiae
788 1653 932 1723 veritate.
974 1653 1083 1738 Atque
1105 1653 1181 1738 ipsa
1216 1703 1219 1711 ,

126 1740 286 1805 formatio
302 1739 446 1804 verbi-ea
461 1740 591 1805 ratione
607 1738 760 1819 confecta
780 1746 846 1818 est,
873 1759 938 1830 qua
953 1738 988 1808 in
1004 1736 1181 1807 vocabulis

117 1828 286 1915 posthac,
311 1820 559 1909 praemodum,
586 1823 739 1889 interdiu
764 1833 797 1888 et
821 1823 889 1887 aliis
940 1823 1189 1920 raepositiones

127 1911 361 1976 adverbiorum
376 1908 483 1972 vicem
499 1909 660 1974 obtinent.
703 1909 742 1972 Id
756 1909 846 1982 enim
861 1846 1068 2002 prcibnbrlius
1084 1907 1191 1979 vide-

125 2006 192 2075 tur,
204 2016 305 2080 quam
321 2003 358 2056 ut
372 2006 450 2057 cum
463 1995 636 2067 Perizonio
657 1995 805 2058 dicamus
821 1994 856 2057 in
872 1993 1193 2085 hacsscomp'ositio‘

94 2160 98 2169 ,
125 2103 168 2145 nc
183 2105 233 2152 eo,
252 2102 335 2166 quo,
359 2079 423 2143 666
438 2102 502 2167 pro
519 2080 678 2145 adverbiis
695 2079 800 2177 accipi
816 2080 945 2149 debere.

212 2204 241 2267 1.
281 2196 441 2267 Primaria
475 2199 668 2287 significatio
703 2198 857 2269 vocabuli
888 2217 1006 2271 snuvc
1031 2200 1192 2269 cernitur

125 2285 162 2350 in
184 2284 328 2348 termino
354 2284 603 2366 constituendo,
631 2307 737 2376 usque
753 2285 795 2350 ed
810 2305 911 2370 quem
929 2283 1053 2373 aliquid
1069 2286 1188 2371 perti*

124 2379 213 2448 neat,
235 2368 290 2436 sed
304 2368 414 2455 ipsum
433 2369 544 2434 differt
565 2371 604 2440 eb
622 2369 727 2451 adeo,
762 2369 854 2464 quod
876 2368 912 2434 in
928 2368 995 2432 hoc
1011 2369 1183 2440 vocabulo

127 2454 168 2516 od
191 2454 343 2524 altiorem
367 2456 549 2529 terminum
574 2456 759 2542 suspicere,
797 2456 833 2518 in
866 2452 979 2523 adbuc
1002 2465 1117 2523 eutem
1143 2457 1183 2527 in

26 2538 28 2543 ’
124 2540 269 2603 termino
293 2538 367 2631 ipso
399 2545 577 2615 consistere
598 2541 766 2613 videmurc
802 2539 893 2610 unde
921 2538 1099 2611 conficitur
1125 2541 1179 2604 di-

124 2646 238 2695 versus
261 2624 477 2709 metaphorae
496 2647 585 2690 usus.
629 2627 700 2696 Nos
726 2626 865 2691 dicimus
881 2623 1197 2714 bis-[tiesbffilbisffi

124 2709 235 2868 ιῖαῖιεν
252 2721 283 2778 et
297 2710 329 2773 in
348 2710 543 2802 quibusdam
560 2711 716 2784 formulis
725 2712 828 2805 neceb.
875 2709 1096 2784 simillimum
1128 2703 1177 2777 est

137 2808 301 2867 iactenus.
739 2801 764 2809 ”

182 2884 263 2900 Μ

225 2917 310 2970 Plant.
330 2918 408 2968 Troe.
431 2915 464 2989 4,
487 2916 520 2982 3,
549 2917 592 2973 20.
621 2921 789 2971 conveniunt
813 2916 902 2972 attus
922 2919 1068 2986 utriusque
1082 2915 1175 2969 verba.

194 3001 212 3055 i.
229 3010 257 3051 6.Ι
270 3018 350 3067 usquo
370 3001 485 3055 adhaec
503 3002 811 3070 verba.Pompon,Mel.
831 3001 857 3067 3,
876 3002 904 3064 6,
925 3000 951 3052 7.
975 3002 1175 3067 Scandinovia,

134 3147 136 3151 Ι
171 3105 275 3154 ‚quam
297 3085 386 3139 adbuc
415 3085 533 3141 Teutoni
559 3095 659 3138 teuent.
695 3087 713 3137 i.
736 3108 758 3139 e.
787 3089 833 3144 die
851 3086 921 3141 noch
946 3087 1087 3141 Teutouer
1112 3092 1176 3140 imie

151 3177 153 3181 ’
190 3170 300 3222 babent
321 3169 391 3237 quod
414 3188 466 3221 non
488 3183 530 3224 est
542 3175 644 3236 etiam,
670 3172 717 3226 sed
735 3173 839 3241 161666
856 3166 943 3225 tractu
961 3173 1077 3225 adhunc
1093 3191 1175 3241 usque

191 3268 337 3311 terminum.

228 3359 300 3408 Idem
329 3368 437 3426 apparet
464 3360 491 3409 in
516 3360 559 3410 his
577 3362 611 3410 ad
628 3363 742 3411 Herenn.
760 3359 824 3424 1,9‚
841 3359 883 3412 16.
904 3360 994 3413 adhuc
1011 3379 1080 3430 quae
1097 3361 1176 3416 dicta

191 3453 264 3493 aunt.
297 3443 514 3506 0166166164,
534 3445 576 3510 16,
594 3436 981 3517 44..αιᾳι666116666116ῐ,
1009 3465 1110 3498 cascesa
1127 3467 1175 3499 cur

192 3527 301 3586 Zenoni
330 3545 385 3585 non
405 3524 533 3596 suisset,
567 3528 745 3601 quapiobrem
771 3551 789 3582 a
807 3533 980 3600 superiorum
1006 3534 1176 3586 auctoritato

133 3614 135 3620 ’
190 3612 351 3671 discederet.
379 3613 521 3676 3,4,12.
547 3617 638 3687 Pomp.
653 3616 715 3665 Mel.
734 3613 767 3679 3,
783 3614 815 3680 6,
837 3615 863 3670 1.
887 3615 1013 3685 biretis,
1034 3638 1104 3689 quas
1124 3623 1174 3671 aar}

188 3695 258 3773 gulo
285 3696 416 3751 Baeticae
437 3697 529 3757 adbuc
549 3717 633 3772 usque
648 3699 868 3774 perstrinximus.
894 3722 959 3772 quae
982 3704 1004 3762 si
1019 3704 1055 3762 ed
1071 3715 1174 3772 tempus

191 3782 299 3843 referes,
320 3792 405 3834 tamen
420 3783 460 3835 rei
479 3784 679 3851 ‘expositionem
694 3783 895 3838 determinatam
910 3788 1042 3856 intelligas
1065 3807 1174 3842 necesse

189 3866 250 3920 erit.
285 3870 376 3932 ltaque
390 3886 467 3935 quum
485 3868 618 3918 Manutius
633 3868 667 3918 ad
683 3869 737 3924 Cic.
753 3871 836 3938 Epist.
853 3873 880 3936 2,
901 3873 923 3924 1.
943 3874 1083 3924 discrimen
1104 3892 1172 3924 con-

188 3950 277 4008 stituit
301 3952 370 4009 inter
392 3955 471 4005 vcrbn
488 3951 580 4011 adlice
598 3963 625 4006 et
643 3950 797 4013 hacteuus:
824 3957 891 4012 illud
908 3976 961 4010 nou
981 3958 1032 4009 nisi
1052 3959 1084 4009 de
1101 3969 1178 4015 tem:
