2618 4770
572 306 741 387 aaran.
962 398 964 402 .
1115 317 1181 407 aas

131 480 213 547 pere
229 469 361 542 curant,
382 479 490 546 nequa
505 460 608 526 allam
618 442 753 550 'partem
771 461 965 553 abruptam,
987 478 1044 532 aut
1058 437 1131 540 non
1141 440 1176 537 in

130 566 238 608 unum
255 568 331 609 cum
341 549 463 613 ceteris
481 547 685 634 colligatam,
708 559 767 614 aut
788 572 858 615 non
882 550 923 616 ad
946 551 1023 617 alias
1038 577 1177 645 perop-

128 632 333 718 positionem
347 631 708 699 relatamcssesinunt.
752 634 878 716 Quare,
892 647 930 698 ut
946 648 1086 721 constat,
1107 641 1176 720 fre·

130 717 365 802 quentissimus
389 717 567 804 particulae
594 741 675 784 usus
687 729 735 807 est
750 723 785 785 in
804 721 972 786 Ciceronis
986 723 1077 788 libris
1088 725 1175 812 phi-

128 802 311 888 losophicis
337 812 373 866 et.
396 803 589 883 rhetoricis,
611 805 721 869 rarior
744 804 781 870 in
805 806 1007 873 orationibus
1030 817 1063 872 et
1086 813 1175 899 apud
1232 862 1233 871 ,

127 889 318 968 Gaesarem,
341 888 526 986 rarissimas
549 889 638 975 apud
661 889 833 970 Tacitum,
859 914 923 981 pro
941 895 1098 982 cuiusque
1119 896 1173 965 dr-
1219 886 1225 896 *
1252 962 1254 965 .
1296 966 1299 975 ,

124 994 221 1039 verso
240 973 516 1062 genere-dicendi.
650 1013 653 1017 ·
687 1014 690 1021 ,

229 1094 283 1146 Cic.
300 1092 381 1144 Acad.
397 1090 431 1157 2,
449 1091 484 1160 2,
504 1092 531 1143 4.
555 1111 626 1166 qaae
649 1093 785 1168 populari
799 1094 901 1168 ¹gioria
922 1097 1047 1154 decorari
1063 1104 1093 1156 in
1110 1100 1171 1158 La·

156 1180 159 1188 '
186 1177 272 1232 'cailo
290 1175 456 1241 debaerrmt,
474 1197 508 1230 ea
520 1173 589 1247 fere
605 1191 670 1233 sunt
690 1193 719 1236 et
737 1183 843 1254 graecis
866 1182 967 1239 litteris
985 1183 1123 1241 celebrata
1141 1199 1171 1243 et

103 1263 106 1270 “
192 1262 299 1317 latinis.
335 1259 398 1312 Nos
415 1261 577 1328 aeramina
596 1274 712 1319 externa
735 1285 795 1318 eam
812 1264 924 1331 multis,
948 1268 1016 1334 baec
1035 1275 1169 1326 interiora
1194 1314 1196 1320 .
1221 1290 1240 1308 ··

156 1354 159 1361 “
193 1342 502 1416 cum'paaeis'ex'ipso
529 1365 613 1420 saepe
632 1353 822 1421 cognovimus.
849 1351 921 1411 ¹Nos
938 1357 1079 1422 opponitur
1097 1355 1169 1414 nulla

189 1432 356 1486 restrictione
374 1431 658 1500 antecedentium,'sed
674 1451 708 1486 ex
726 1435 810 1488 altera
827 1444 1019 1505 tantum-,parte
1036 1451 1168 1510 tamquam

190 1535 286 1583 norum
310 1517 470 1586 apponimr.·
485 1519 527 1582 -2,
551 1516 601 1584 42,
628 1518 687 1573 131.
719 1519 773 1575 etit
797 1519 977 1590 voluptatem
991 1567 992 1570 ,
994 1520 1085 1590 finem
1110 1543 1169 1580 este
1215 1523 1216 1527 ¹

189 1598 339 1660 evaluerunt
356 1630 407 1652 -.
439 1600 623 1672 Voluptatem
640 1614 734 1659 actem
755 1614 785 1659 et
809 1601 982 1658 honestatem
999 1603 1090 1675 finem
1109 1626 1169 1664 este
1195 1648 1202 1665 .

174 1679 337 1757 ‘'catttpte'
354 1685 465 1740 censuit.
491 1678 546 1739 >nbi
572 1689 642 1740 confi
663 1691 791 1742 Goerenz.
817 1677 891 1749 Orat.
911 1689 944 1756 5,
965 1688 1008 1742 18.
1027 1687 1168 1744 insidebat

139 1830 142 1835 ,
186 1770 321 1828 videlicet
346 1774 376 1826 in
401 1774 458 1826 eius
483 1782 572 1826 mente
590 1776 695 1844 species
713 1773 905 1848 eloquentiae,
931 1784 1014 1845 qu'am
1041 1773 1167 1828 cernebat

122 1858 133 1871 ''
189 1852 301 1918 anime,
325 1875 354 1909 rc
378 1860 443 1927 ipsa
467 1874 525 1909 non
550 1857 692 1910 videbat·
718 1849 769 1914 Vir
790 1869 884 1912 aretem
901 1863 1034 1913 acerrimo
1053 1862 1164 1929 ingenio
1223 1925 1228 1930 ἱ

163 1955 166 1963 “
192 1944 246 2010 (sic
268 1927 340 1996 inim
359 1937 436 2010 fait)
459 1940 550 1993 malta
566 1952 596 1995 et
612 1946 641 1995 in
660 1953 735 1997 ee’et
750 1947 780 1996 in
800 1943 867 1999 aliis
882 1943 1059 2008 desiderans,
1081 1947 1166 1999 nemi·

189 2048 253 2084 nem
266 2026 362 2098 plane,
375 2025 427 2097 qai
438 2037 510 2079 recte
527 2025 671 2098 appellari
688 2016 819 2099 elcesaeus
837 2038 941 2099 posset,
962 2025 1085 2082 videbat.
1101 2028 1163 2080 Dici

185 2123 292 2187 poterat
311 2122 339 2165 et
355 2110 399 2164 cir
415 2112 546 2164 acerrimo
565 2109 675 2182 ingenio
684 2149 693 2179 ,
719 2122 749 2162 ut
764 2129 812 2162 nos
832 2113 957 2164 Germani
969 2113 1097 2164 solemus:
1117 2113 1164 2164 sed

94 2233 96 2235 ·
187 2196 516 2255 autem.adiecto·nomea
532 2197 588 2250 ciri
609 2198 741 2249 acerrimo
766 2199 878 2266 iugenio
902 2198 1000 2250 lumine
1019 2198 1162 2269 ¹distingui-

185 2295 238 2338 tur.
273 2281 377 2334 Cornel.
396 2280 561 2347 Nep..Attic.
585 2285 617 2344 1,
637 2272 663 2333 2ss
686 2278 730 2333 lrie
749 2280 845 2350 (pater)
864 2286 949 2350 prout
969 2285 1030 2352 ipse
1047 2277 1163 2334 amabat

117 2395 121 2401 ·
177 2370 326 2435 litteras,¹
346 2361 472 2417 omnibns
487 2363 635 2426 doctrinis,
661 2363 759 2433 quibas
782 2365 900 2436 puerilis
922 2377 999 2420 aetas
1024 2365 1162 2437 impertiri

145 2488 150 2495 ·
179 2452 275 2517 -debet,
287 2448 387 2521 filium
405 2448 534 2507 erudibit.
548 2449 644 2512 „Erat
661 2462 757 2513 autem
772 2456 803 2508 in
819 2469 905 2524 puero
926 2477 959 2492 ·-
974 2467 1081 2513 samma
1098 2466 1161 2503 saa

144 2566 146 2572 ¹
182 2537 331 2594 vitaretis
349 2545 399 2588 etc.

216 2659 304 2712 Etiam
321 2648 543 2723 interrogationes
562 2654 630 2706 hanc
647 2657 912 2724 formamrecipinnt.
942 2655 996 2708 Cic.
1013 2672 1040 2722 p.
1056 2654 1162 2727 Cluent-

182 2744 237 2810 60,
257 2741 316 2795 167.
335 2740 404 2814 ‘qaid
422 2758 552 2812 nosquam
567 2732 670 2795 Acitas
687 2744 763 2796 in'se
780 2739 911 2801 adarisit,
931 2750 964 2791 nt
980 2738 1031 2791 boc
1048 2747 1158 2790 tantam
1219 2762 1229 2794 „1

181 2827 219 2885 ab
241 2845 272 2883 eo
285 2821 407 2896 faciens
429 2840 485 2877 non
503 2823 647 2880 abliorrere
663 2826 813 2881 videatur?
839 2823 907 2898 qaid
931 2833 1024 2877 antem
1044 2838 1158 2893 magno·

134 2897 148 2926 '¹
166 2933 249 2989 'pere'
277 2910 468 2983 Oppianicum
486 2910 644 2977 metuebat,
669 2931 751 2986 qaam
776 2906 827 2964 iile
851 2907 973 2963 verbum·
990 2908 1163 2967 omninc'c'n

117 3008 121 3015 '
179 2997 234 3054 bac
249 3000 314 3069 ipsa
331 2986 428 3049 saissa
444 2994 553 3049 nullam
562 2993 664 3066 facere
682 2995 828 3069 potnerit?

211 3117 304 3168 Cicero
332 3115 361 3165 in
382 3115 415 3166 iis
441 3114 532 3182 libris,
558 3116 650 3184 quibus
675 3116 822 3179 doctrinam
845 3113 970 3182 tradidit,
986 3129 1086 3177 rerum
1103 3109 1153 3162 (le-

177 3192 369 3254 monstratione
391 3218 440 3269 per
465 3201 614 3252 continuam
639 3201 869 3254 ratiocinationem
887 3199 1064 3275 procedente,
1094 3197 1154 3247 fre-

177 3284 346 3356 quentissime
368 3285 523 3353 particulam
548 3287 698 3354 usurpavit,
728 3304 804 3355 quam
829 3285 890 3351 huic
914 3280 1038 3337 dictionis
1064 3279 1155 3347 generi

176 3371 312 3442 propriam
333 3368 501 3436 assignamus.
535 3372 566 3421 In
584 3371 747 3423 orationihus
764 3382 869 3440 praeter
888 3368 1012 3439 quasdam
1028 3365 1154 3447 formales

176 3466 204 3508 et
230 3455 441 3506 coniunctionem
466 3455 538 3504 illam
562 3457 762 3522 pronominum,
789 3456 875 3507 rarior
903 3465 943 3504 est
971 3470 1047 3516 usus,
1075 3467 1154 3519 quam

175 3541 296 3594 rhetores
316 3549 344 3590 et
360 3539 522 3607 grammatici
540 3550 640 3590 veteres
664 3536 862 3604 existimabant,
883 3539 926 3607 qui
947 3555 1025 3606 qaam
1044 3535 1152 3602 elegan-

173 3626 238 3676 tiam
256 3625 369 3692 aliquam
387 3627 538 3676 observasse
558 3626 608 3676 sibi
627 3627 678 3680 visi
696 3636 798 3692 essent,
825 3625 920 3675 multos
937 3623 1011 3674 locos
1030 3623 1152 3689 interpo-

171 3711 301 3763 laverunt.
336 3711 425 3766 Veluti
445 3712 475 3761 in
495 3712 615 3763 oratione
639 3731 687 3782 pro
710 3713 808 3764 Archia
831 3708 960 3777 particula
984 3707 1065 3758 semel
1087 3714 1151 3757 tan-

173 3806 245 3858 tum,
260 3794 297 3845 in
315 3797 436 3847 oratione
454 3813 503 3864 pro
524 3796 630 3862 Ligario
649 3806 691 3849 ter
712 3798 824 3864 legitur,
850 3804 877 3845 et
895 3793 923 3843 in
942 3789 1152 3858 interrogatione

171 3881 278 3950 quidem
305 3887 332 3931 et
359 3898 416 3930 cnm
440 3883 597 3947 pronomine
621 3884 769 3934 coniuncta.
810 3881 842 3929 ln
868 3877 1021 3946 Philippicis
1046 3873 1149 3942 saepias

171 3960 304 4028 occurrit,
322 3964 392 4033 quod
409 3965 500 4016 nescio
522 3983 557 4018 an
575 3965 758 4039 consuetadini
778 3963 892 4038 oratoris
913 3971 1027 4013 mutatae
1044 3959 1155 4010 tribue-²

170 4048 237 4102 rim:
254 4067 315 4100 nam
332 4051 361 4102 in
380 4049 414 4103 iis
432 4052 514 4102 multa
529 4053 711 4122 reperiuntur,
739 4067 804 4118 quae
825 4049 979 4100 Ciceronem
997 4052 1150 4099 senescente

172 4145 259 4191 aetate
275 4134 469 4208 philosophicis
487 4137 580 4189 studiis
599 4145 753 4207 occupatum
770 4133 868 4205 fuisse,
889 4133 968 4184 etiam
987 4131 1016 4182 in
1034 4127 1149 4182 dictione
