2618 4770
1021 61 1028 81 ‘
1151 40 1157 199 l

1 305 21 373 χ
135 282 199 349 aa
475 270 648 345 111111.
690 268 861 338 ulvar-

135 439 205 528 pit,
232 455 297 523 qua
315 451 390 500 nou
411 447 545 499 mrsu
567 415 646 527 curn
671 424 900 514 comparativo
928 398 1145 526 copulabatis,

135 536 175 590 ut
198 521 246 672 ob1
262 522 373 668 ippum
394 523 688 622 :comparationem
722 512 825 580 verbo
846 528 1048 628 ,expressam
1075 513 1147 591 1111

137 610 223 681 abun
248 628 328 672 are.
946 636 949 643 ν
1016 645 1018 648 -

238 728 344 779 Hisun.
355 719 512 787 immi.
530 730 572 775 est
587 739 654 775 vero
672 737 779 786 caussa,
799 730 972 793 quapropter
990 737 1090 776 amena
1100 738 1147 774 1111-

168 844 170 849 v
203 825 319 868 stream
338 809 408 861 inter
423 806 582 878 gramineas
599 823 734 860 coronas:
760 809 815 861 nisi
840 805 967 862 libidinis
987 823 1081 879 consec
1095 825 1146 878 erpi·

204 896 289 952 tenda
306 890 392 947 alicui
404 890 532 954 videtur,
564 911 647 962 quam
664 910 721 944 non
741 889 825 945 aliter
841 894 931 962 uragis
950 892 1063 946 accendi
1078 903 1148 963 putant

204 999 289 1058 quam
305 989 385 1049 potu.
410 977 442 1028 de
463 994 515 1046 quo
533 976 594 1047 loco
613 975 709 1027 iterum
726 976 841 1051 dicemus
858 978 885 1027 in
903 995 929 1029 v.
949 983 1008 1029 ursi.
1033 977 1075 1042 37,
1090 976 1111 1041 i,
1124 979 1148 1030 lu

168 1069 171 1074 ’
203 1069 314 1125 invenio
339 1062 476 1125 medicos,
501 1081 571 1134 quoe
598 1070 663 1113 sunt
692 1061 796 1114 urenda
821 1079 984 1132 corporum,
1018 1080 1072 1115 non
1095 1060 1149 1116 atta:

199 1153 296 1209 atilius
316 1148 346 1204 id
358 1148 428 1219 fieri
446 1157 563 1216 putore,
580 1162 663 1218 quam
682 1143 849 1217 crystallina
866 1145 929 1216 pilo
944 1145 1069 1200 adversis
1083 1135 1149 1218 posits

201 1238 273 1295 solis
288 1233 388 1290 radiis.
420 1229 521 1299 nm,
540 1227 583 1284 15.
610 1230 709 1303 idque,
741 1229 817 1303 quod
842 1233 911 1283 totis
932 1228 1149 1286 voluminrbau

203 1324 301 1378 docere
318 1331 347 1376 ct
362 1317 494 1371 mandare
512 1319 606 1369 conati
623 1332 733 1378 snmus,
756 1313 791 1366 de
808 1312 948 1371 discordia
964 1335 1055 1370 rerum
1071 1334 1148 1368 concon

203 1409 322 1480 diuque,
340 1430 376 1445 ·-
393 1420 450 1455 non
475 1399 559 1455 aliter
582 1397 685 1453 clarius
712 1396 837 1469 intelligi
859 1411 965 1470 potest.
1001 1401 1051 1464 28,
1075 1401 1106 1465 s,
1121 1399 1148 1451 11.

202 1493 253 1557 24,
284 1490 335 1555 11,
362 1485 404 1538 50.
431 1484 575 1539 arundinis
601 1502 703 1557 genera
731 1493 825 1538 xxix
851 1483 1147 1552 demonstravimasnor

203 1577 288 1632 aliter
301 1572 475 1633 ‚evidentiora
495 1568 549 1625 illa
568 1579 669 1621 natura
690 1587 773 1640 quam
798 1572 937 1624 continuis
964 1567 1010 1622 liis
1032 1569 1147 1624 volusini

204 1646 256 1718 bas
274 1668 434 1712 tractamus.
466 1656 558 1724 quibus
573 1653 671 1705 Plinius
689 1652 771 1718 dicit,
793 1672 821 1704 se
838 1654 871 1706 de
889 1654 1024 1706 arundinis
1041 1655 1148 1722 generibus

120 1736 126 1761 r
205 1749 236 1801 in
252 1747 321 1799 libro
339 1759 384 1793 1111
413 1740 579 1809 disputasse,
604 1738 652 1790 sed
675 1755 730 1790 non
755 1738 918 1791 evidentiora
934 1744 1019 1808 'quam
1041 1741 1098 1802 hicn
1120 1737 1148 1789 111

203 1835 237 1887 de
256 1849 305 1883 usu
320 1825 457 1879 arundinis
474 1825 537 1892 agit.
620 1820 626 1867 ι’

216 1939 236 1979 *¹
267 1926 495 1997 confunditur
523 1924 559 1987 in
585 1904 716 2010 seriptis
745 1922 838 1990 libris
863 1925 968 1990 aliter
990 1948 1065 1990 eum
1086 1925 1149 1990 cio:

57 2056 76 2071 ·-
133 1995 346 2108 Virgildllen.
360 2013 399 2092 5,
422 2012 497 2076 592.
531 2031 607 2072 cum
631 2010 740 2073 alter:
768 2011 821 2075 vd.
846 2011 1020 2078 Drakenb.
1044 2011 1082 2077 ad
1101 2012 1150 2076 lu.

101 2178 106 2195 .
133 2106 333 2191 28,18,1.
361 2118 438 2162 cum
452 2094 564 2162 olicae
584 2093 639 2161 vd.
656 2094 806 2162 Rhenan.
823 2095 915 2163 adh.
929 2097 954 2162 l.
999 2126 1000 2131 ¹

535 2284 776 2372 ALIVBI.¹

215 2471 337 2535 Antvnr
360 2487 562 2555 quamquam
592 2466 632 2533 ab
657 2468 744 2534 olibi
773 2470 846 2558 ipsa
876 2490 933 2534 sua
964 2462 1157 2556 origines

133 2554 383 2642 quodammodo
408 2555 506 2618 etiarn
530 2548 766 2639 significatione
794 2555 925 2633 differt,
951 2555 1037 2619 nihil
1063 2564 1157 2643 tame}

28 2711 34 2719 .
90 2694 92 2699 ,
133 2643 296 2728 discrepat
312 2661 383 2703 usu.
428 2642 534 2725 Atque
552 2640 640 2705 haud
664 2643 750 2720 seio,
781 2664 820 2704 an
844 2640 978 2726 inipso
1002 2640 1067 2704 hoc
1092 2652 1157 2713 sort

159 2735 272 2790 torum
295 2735 508 2790 usueertam
527 2727 677 2812 regulam
700 2727 897 2789 constituere
922 2725 1048 2791 nemini
1068 2723 1157 2790 liceat

130 2751 217 2876 bam
236 2809 544 2897 librarii-plurimos
567 2814 661 2877 iocos
685 2833 727 2875 ex
750 2833 808 2874 sua
834 2811 993 2897 opinione
1017 2811 1069 2874 vel
1092 2828 1157 2873 eon

87 2934 92 2941 ·
125 2898 301 2961 ‘suetudine
317 2895 585 2960 conformarunt.
618 2896 766 2976 1111111,
784 2897 853 2981 ·qui
872 2895 967 2959 Plinii
991 2895 1157 2960 Historian

127 2982 314 3046 naturalem
331 2981 450 3044 alibro
472 2981 715 3057 decimotertio
735 2982 881 3066 scripsit,
904 2980 1027 3066 ubique
1043 3004 1116 3060 suo,
1134 2997 1157 3043 u

129 3067 267 3146 videtur,
285 3064 419 3146 arbitrio
436 3067 550 3152 posuit
567 3064 693 3141 aliubi:
714 3064 751 3128 in
766 3063 932 3153 prioribus
948 3064 1040 3128 libris
1053 3067 1110 3133 ubi
1123 3065 1157 3129 le·

129 3153 234 3237 gitur,
256 3151 289 3213 id
315 3173 412 3236 saepe
436 3161 552 3251 postea
576 3149 704 3232 fautum
727 3160 776 3214 cst
798 3151 837 3214 ab
855 3147 1047 3215 editoribus.
1090 3150 1157 3216 Illuc

129 3247 238 3301 11111111
257 3234 391 3298 fortiter
414 3235 572 3300 affirmari
597 3246 727 3325 potest,
758 3257 864 3322 neque
886 3236 921 3298 in
948 3226 1118 3321 Ciceronis
1141 3259 1157 3300 1

24 3379 27 3385 .
129 3320 293 3399 Caesaris,
313 3322 469 3409 usquein
490 3320 616 3404 Taciti,
646 3333 753 3408 neque
776 3318 811 3384 in
834 3319 984 3384 Suetonii
1016 3323 1157 3409 operibu.

126 3405 266 3493 reperiri
288 3405 394 3468 ullum
418 3407 619 3493 exemplum.
669 3407 723 3471 Ex
750 3405 987 3492 antiquioribus
1013 3426 1101 3471 unus
1126 3431 1156 3472 es

21 3506 24 3511 ’
127 3492 220 3556 locus
236 3491 394 3556 Varronis
412 3491 451 3554 de
466 3491 518 3562 Rex
528 3514 557 3555 r.
578 3487 614 3567 l,
637 3492 697 3572 44,
724 3498 753 3556 1.
775 3491 918 3577 inquo,
943 3489 1035 3554 nulla
1054 3493 1157 3557 lectio

127 3579 179 3641 nis
197 3575 380 3642 diversitate
400 3586 530 3653 notata,
554 3576 728 3641 ediderunt
750 3576 876 3640 clirtbi:
907 3587 1054 3640 attamen
1072 3579 1158 3642 dubi·

127 3663 189 3725 tari
206 3663 299 3725 decet
316 3661 355 3724 de
378 3661 562 3745 integritate
587 3662 777 3748 scripturae.
819 3664 978 3761 Persaepe
1000 3683 1082 3736 rere
1106 3663 1157 3728 hor

126 3747 326 3810 vocabulum
342 3746 377 3808 in
393 3746 488 3812 Plinii
509 3746 601 3816 libris
626 3748 789 3826 occurrit,
817 3746 989 3833 aliquoties
1014 3749 1115 3812 etiam
1135 3748 1157 3812 ir

127 3830 260 3897 Seneca.
305 3831 371 3894 Sed
387 3825 437 3893 'in
451 3831 599 3894 Pliniano
622 3831 727 3918 opere
749 3832 851 3894 critici
874 3840 964 3895 tanta
986 3837 1157 3900 temeritas

124 3916 244 3979 versati
259 3924 352 3995 sunt,
386 3925 418 3978 11
435 3915 592 4002 pleraque
608 3916 834 4003 imprudenter
856 3927 1045 3999 mutarunt,
1075 3928 1114 3983 'ut
1129 3942 1157 3984 er

123 3998 177 4062 vul
203 3999 310 4083 aribus
327 3999 545 4080 editionibus,
574 4001 637 4064 nisi
651 4001 801 4088 principe
826 4012 859 4066 et
883 4002 998 4068 ceteris
1027 4005 1157 4092 antiqui

125 4104 165 4147 co
192 4083 252 4152 atis
262 4082 489 4167 {documenta
507 4086 641 4151 excitari
654 4088 880 4175 nonpossint.
923 4088 1090 4176 Equidem
1103 4091 1157 4177 igi
