2648 4762
521 317 684 416 n'erss.
728 332 794 400 uu.

207 514 288 550 wenn
311 512 341 548 er
368 513 418 546 nur
449 489 539 547 eretis
565 495 676 557 nimmt,
704 489 763 543 und
792 509 855 543 niun
889 491 960 545 wind
992 490 1053 547 sicle
1083 493 1199 550 Kinder

99 611 102 616 ·
209 578 367 636 wunschen.

241 666 310 721 Pliu.
336 667 384 734 Ep.
403 661 488 727 4,1,
507 661 533 712 2.
559 671 643 732 atque
669 662 724 712 iam
750 658 821 713 adeo
850 661 1003 715 sarcinulas
1027 662 1197 736 alligamus.

207 753 363 806 Scheelerus
384 746 501 799 correxit
515 756 600 816 atque
615 745 687 798 adeo
707 746 779 808 iam,
797 755 928 815 tamquam
946 749 998 799 hoo
1015 752 1195 802 necessarium

207 850 285 893 esset.
309 836 387 889 Male.
404 832 463 884 ride
481 849 529 883 noe
549 851 575 900 p.
594 830 652 883 146.
671 849 719 882 nee
743 831 854 883 debebat
871 834 985 900 probare
1003 836 1145 887 Dronkius
1163 837 1195 887 ad

206 926 295 979 Tacit.
312 920 417 985 Dialog.
433 935 459 985 p.
481 916 540 968 105.

223 1033 274 1094 12.
304 1026 366 1123 l²er
388 1037 510 1098 ATQVE
535 1035 689 1084 INsVPER
715 1017 903 1106 adiungitur
928 1021 1019 1109 quod
1042 1011 1193 1090 eiusdem

12 1128 14 1134 '
123 1128 190 1186 eet
205 1133 345 1204 generis.

248 1232 353 1285 Plautus
370 1225 499 1295 Amphitr.
516 1224 551 1291 8,
571 1224 605 1287 2,
622 1225 648 1277 7.
666 1229 733 1299 quin
748 1246 801 1301 ego
818 1227 901 1281 illum
918 1238 967 1281 aut
985 1228 1122 1298 deseram,
1142 1242 1192 1285 aut

203 1311 371 1386 satisfaciat
398 1311 466 1364 mili
498 1309 564 1372 ille,
603 1322 684 1382 atque
716 1312 825 1367 adiuret
859 1317 1006 1385 insuper‚¹
1024 1314 1105 1369 nolle
1134 1335 1192 1371 esse

206 1394 292 1466 dicta,
313 1401 430 1473 quaein
450 1415 492 1449 me
508 1398 645 1449 insontem
663 1398 796 1466 protulit.
818 1398 949 1465 01111114,
966 1399 1008 1449 10.
1028 1419 1062 1452 ae
1077 1401 1191 1474 insuper

205 1499 313 1562 quoque
332 1495 404 1538 reete
422 1480 558 1555 quaedam
577 1480 751 1553 malagmata
768 1484 934 1536 iniiciuntur.
969 1485 1022 1536 Alii
1040 1496 1132 1539 tamen
1158 1509 1191 1541 aa

204 1592 295 1646 saper.
316 1570 398 1645 'Vide
418 1568 446 1618 iu
466 1585 573 1630 qvoqve
596 1578 622 1620 et
639 1586 717 1637 supra
733 1589 760 1639 p.
778 1565 840 1619 455.
948 1570 950 1574 “

220 1681 272 1742 13.
294 1675 420 1750 Arovu
436 1689 548 1736 ΕΤΙΑΜ
565 1670 701 1758 proprie
717 1670 909 1759 diciturpro
927 1673 1052 1737 etitem
1070 1675 1189 1756 etium,

134 1775 167 1829 et
179 1763 318 1849 pariter
334 1757 451 1838 etiam,
475 1755 548 1819 und
563 1779 600 1821 eo
619 1756 723 1837 oracla,
748 1755 830 1820 eben
845 1780 882 1820 so
902 1758 999 1820 auelr.
1028 1757 1101 1823 Nee
1116 1783 1189 1826 ore-

135 1851 211 1913 dam
228 1843 431 1924 Goerenzio,
456 1843 512 1928 qui
531 1840 571 1905 ad
590 1844 655 1906 Cic.
672 1841 712 1905 de
727 1841 799 1906 Fin.
815 1865 849 1930 p.
868 1843 942 1906 593.
967 1853 998 1907 et
1022 1842 1055 1906 in
1081 1845 1187 1910 Iahnii

133 1934 251 2000 Annal.
280 1937 312 2009 1,
335 1935 366 1992 2.
387 1950 421 2015 p.
445 1931 518 1992 307.
549 1937 691 1992 statuere
713 1938 849 1992 conatus
873 1937 942 2007 est,
975 1928 1083 1992 etium
1107 1954 1186 1997 oum

134 2032 236 2107 utque
259 2016 474 2080 coniunctum
499 2012 621 2098 ubique
653 2027 787 2077 sensum
817 2013 939 2077 habere
967 2015 1214 2094 intensivum.

132 2105 275 2193 ideoque
294 2100 497 2188 respondere
510 2110 628 2177 nostro
643 2099 680 2177 ia
697 2120 815 2186 rogor.
860 2100 964 2184 Saepe
988 2100 1122 2184 etiam,¹
1149 2105 1186 2167 ab

134 2204 235 2280 atque
264 2183 523 2266 1·em0tum',.arl
553 2185 639 2249 aliud
668 2185 867 2249 vocabulum
891 2184 1050 2272 pertinet,
1088 2189 1186 2254 veluti

133 2277 201 2344 Cic.
220 2278 261 2342 de
278 2276 403 2349 11118,
426 2275 483 2352 18,
508 2272 562 2335 59.
597 2270 791 2336 (11111111.
1046 2274 1048 2278 ’

237 2397 291 2448 Cic.
311 2395 343 2445 de
362 2397 434 2444 Orat.
457 2393 490 2457 2,
506 2392 556 2457 61,
575 2392 635 2445 251.
664 2404 746 2464 atque
772 2391 825 2446 hoa
849 2395 934 2446 etiam
961 2392 1185 2448 animadverten-

200 2483 285 2546 dum,
303 2498 360 2532 non
377 2495 436 2531 essu
455 2480 549 2530 omnia
569 2477 688 2541 ridicula
703 2473 815 2549 saneta.
843 2479 862 2529 i.
877 2497 900 2543 e.
922 2475 990 2530 elren
1008 2496 1039 2531 so
1060 2483 1099 2534 ist
1117 2477 1185 2532 auci

116 2587 119 2591 ’
201 2588 236 2622 zu
265 2561 414 2618 bemerlren.
452 2563 587 2614 Columell.
615 2563 649 2627 2,
672 2563 705 2630 2,
729 2563 755 2617 8.
796 2563 850 2615 Cic.
869 2564 902 2614 de
920 2563 998 2614 offic.
1020 2563 1054 2628 1,
1074 2564 1126 2629 26,
1144 2565 1184 2617 90.

201 2664 286 2727 atque
311 2653 398 2706 etiam
419 2652 448 2703 in
472 2646 552 2702 rebus
578 2653 722 2719 prosperis
747 2658 775 2702 et
800 2646 839 2699 ad
856 2647 1041 2714 ‘uoluntatem
1060 2660 1185 2703 nostram

160 2787 163 2797 ,
196 2734 352 2809 fluentibus
366 2732 532 2804 superbiam,
546 2729 700 2804 fastidium
718 2735 963 2803 arrogantiamque
981 2751 1086 2805 magno
1104 2753 1185 2807 opere

197 2822 360 2897 fugiamus.
384 2820 428 2874 91.
453 2831 537 2892 atque
561 2821 653 2873 etiam¹
670 2820 700 2871 in
725 2816 930 2872 secundissimis
958 2816 1038 2872 rebus
1066 2823 1185 2875 mraxime

202 2920 246 2964 est
272 2904 405 2961 utendum
427 2905 545 2959 consilio
571 2907 730 2958 amicorum.
767 2903 868 2969 1,30‚
888 2902 947 2954 106.
976 2904 1009 2956 (11
1026 2906 1092 2966 Nar.
1114 2907 1140 2961 (1.
1157 2906 1182 2970 2,

159 3058 161 3063 Ι
202 2997 253 3057 11,
272 2991 316 3046 30.
341 2993 447 3043 Terent.
457 2993 551 3042 Heaut.
572 2990 605 3054 1,
624 2989 658 3051 2,
681 2989 822 3061 leaeque
840 2990 1014 3042 etiamnunc
1033 2993 1106 3043 satis
1121 3003 1184 3046 tem·

134 3147 137 3154 ι
200 3082 266 3152 pori
285 3087 334 3130 ess.
362 3078 381 3128 i.
401 3096 424 3132 e.
452 3076 511 3130 und
529 3094 560 3129 so
588 3065 650 3128 ist's
669 3070 739 3126 auelr
757 3073 828 3139 jetat
845 3071 915 3126 noalr
936 3073 1010 3128 Zeit.
1046 3077 1183 3131 Columell.

199 3165 232 3231 2,
254 3160 304 3228 14,
323 3159 410 3230 (15,)
435 3160 462 3215 7.
486 3165 529 3216 sin
547 3171 641 3213 autem
659 3157 767 3228 surculo
787 3167 816 3209 et
834 3155 974 3227 segetibus
992 3168 1079 3233 atque
1099 3166 1183 3217 etiam

198 3249 291 3321 pratis
304 3244 418 3318 fundus
444 3257 487 3301 est
512 3244 687 3316 dispositus,
712 3245 866 3314 generatim
893 3235 1022 3316 quodque
1040 3249 1183 3318 ‘reponen-

200 3332 268 3386 eium
286 3342 337 3385 est.
365 3331 454 3382 Celsus
472 3329 504 3392 6,
526 3324 566 3381 11'.
584 3350 618 3382 ac
638 3329 762 3383 miserius
778 3328 862 3381 etiam
881 3337 942 3390 est,
964 3329 989 3381 si
1007 3326 1117 3385 lactens
1135 3331 1184 3385 acl·

198 3417 252 3471 lrua
271 3413 370 3486 infans
389 3425 438 3468 est.
473 3415 576 3467 Sallust.
599 3418 655 3482 Iug.
675 3410 725 3476 85,
748 3411 791 3464 21.
820 3413 873 3463 Cic.
894 3417 966 3463 0111.
988 3410 1182 3482 40‚139.ae.

197 3496 251 3576 que
270 3501 343 3554 alias
360 3501 446 3553 etiam
467 3497 578 3553 dicendi
592 3503 678 3573 ¹quasi
693 3502 811 3554 virtutes
831 3499 962 3568 sequitur.

233 3592 264 3639 In
282 3588 387 3638 Sallust.
407 3585 464 3634 Get.
484 3580 534 3646 52,
554 3583 598 3635 26.
616 3585 801 3637 misereamini
826 3600 941 3635 censeor
969 3581 1113 3655 deliquere
1136 3585 1181 3639 11-

198 3674 286 3726 mines
294 3667 497 3723 adulescentuli
511 3687 561 3738 per
578 3667 882 3738 ambitionem-acque
898 3671 984 3721 etiam
998 3680 1128 3723 armatos
1142 3671 1182 3726 dr·-

130 3767 132 3771 “
195 3753 326 3810 mittatis.
342 3771 395 3804 non
404 3754 480 3821 pauci
490 3749 552 3804 libri
560 3756 685 3806 omittunt
700 3757 793 3816 etiam,
811 3753 881 3820 quod
889 3753 981 3804 alienia
991 3757 1122 3824 exemplis
1131 3757 1180 3808 de·

196 3840 284 3893 fendit
302 3839 466 3890 Gerlachius.
502 3839 566 3907 Est,
584 3840 664 3907 igitur
687 3840 772 3891 etiam.
810 3838 864 3889 Cic.
887 3843 959 3891 0111.
976 3838 1026 3902 32,
1047 3840 1109 3892 114.
1132 3841 1181 3896 At·

197 3944 252 3996 que
268 3923 352 3978 etiam
370 3937 436 3979 ante
452 3922 524 3978 leuno
540 3921 708 3978 Aristoteles
724 3924 863 3992 principio
882 3929 950 3978 artis
969 3923 1125 3980 rhetoricae
1142 3926 1182 3980 di·

195 4011 235 4063 eit
261 4020 311 4062 etc.
347 4010 436 4061 Codex
451 4009 521 4062 Gud.
550 4008 648 4061 omittit
665 4016 767 4077 atque,
793 4009 864 4075 quod
886 4010 973 4060 critici
996 4012 1183 4080 approbabant

129 4110 132 4116 ·
197 4104 329 4165 tamquam
347 4094 447 4145 melius.
483 4097 627 4162 Vtrumque
653 4102 738 4143 autem
762 4091 815 4144 dici
841 4102 962 4162 poterat,
989 4113 1068 4164 quum
1096 4110 1182 4170 aeque

196 4191 267 4234 esset
285 4179 314 4231 id
332 4179 403 4248 quod
421 4181 494 4234 itam·
530 4178 583 4232 cic.
601 4177 673 4230 Lael.
695 4174 745 4245 14,
765 4173 808 4229 51.
826 4189 910 4252 atque
929 4181 1111 4254 etiamqmilre'
1123 4187 1183 4258 qui.
