2618 4770
1117 89 1126 131 s
1226 90 1229 100 .

378 311 618 393 »nrovu
639 313 730 397 „nu
790 364 797 387 .
970 364 972 372 ι
1055 286 1118 414 sco

64 470 130 536 alia
153 486 195 534 ex
214 468 342 532 ratione
352 488 473 565 Qum
489 468 619 532 dicitur.
650 468 824 553 ⁴Suiiicerc
839 483 970 560 poterat
991 477 1027 541 in
1049 475 1119 554 his,

126 544 350 561 W

63 577 225 642 expresso
240 555 313 640 ipso
334 550 554 617 similitudinis
568 554 715 636 nuntiae,
730 559 872 644 simplos
889 560 1043 647 particula
1054 582 1116 626 'co-

39 641 228 730 rpulativu:
253 639 483 726 quare'Graeci
503 641 602 702 etiam
618 642 896 728 aulusurpubant.
941 648 1136 713 N'on'item·
1200 671 1202 674 ·
1277 637 1278 643 ¹

60 727 184 794 Latini.
231 724 369 789 lienim
382 725 599 789 necessariam
613 726 776 812 putabant
790 732 994 814 aequationis
1007 734 1114 820 parti·
1207 791 1216 797 .

62 811 191 885 culam,
217 820 247 873 et
263 809 304 872 ad
320 808 408 872 hunc
429 831 525 873 usum
545 811 736 875 diversitatis
753 835 886 900 quoque
910 817 1113 897 etxdissimi·

60 897 210 964 litudiuis
236 895 519 982 comparationem
545 895 763 978 revocabant,
792 910 967 988 utramque
986 902 1134 991 eodem,

59 985 165 1050 modo
180 1004 241 1069 per
256 981 449 1068 particulam
462 993 567 1070 atque
589 980 811 1068 designantes,
835 987 930 1051 sicuti
946 989 1063 1055 Graeci
1079 978 1111 1055 vi
1201 1012 1204 1017 ⁴

58 1082 94 1137 vet
112 1073 141 1135 τέ
157 1104 199 1118 --
215 1072 264 1131 nui
279 1067 440 1131 dicebant.
485 1067 562 1144 Quo
587 1066 717 1130 differat
734 1089 811 1132 usus
830 1071 983 1137 vocabuli
992 1072 1111 1171 'quam
1135 1123 1139 1130 .
1165 1067 1183 1143 s
1229 1078 1232 1096 '

60 1179 123 1222 suo
138 1157 446 1239 loco‘exponemus.
490 1151 540 1214 Nc
563 1152 636 1237 quis
659 1163 771 1215 tamen
793 1155 977 1240 existimet,
991 1160 1108 1234 ¹inhis
1140 1192 1143 1196 ·

61 1261 220 1332 apparere
239 1238 389 1323 aliquam
404 1238 473 1300 vim
500 1236 709 1323 opponendi,
738 1260 837 1322 quam
865 1242 890 1306 ii
914 1248 1110 1333 agnoscunt,

61 1331 118 1418 qui
149 1339 248 1410 utque
279 1325 317 1385 ab
346 1334 384 1385 at
407 1321 589 1418 deducunt,
620 1322 1040 1411 animadvertendumest‚
1071 1330 1108 1395 iu

61 1431 268 1503 quacumque
284 1417 533 1494 comparatione
548 1418 701 1471 mutuam
715 1431 785 1473 esse
797 1412 974 1477 rationem.

159 1552 216 1600 Hac
238 1546 270 1596 de
288 1546 386 1617 reiam
407 1544 507 1614 antiqui
530 1528 691 1612 grammatici
708 1555 849 1614 praecepta
866 1518 1039 1615 agitaverunt.
1072 1551 1108 1604 Et

127 1636 230 1691 Nonius
258 1633 341 1682 Marc.
367 1640 449 1701 atque
474 1629 506 1679 ab
532 1649 566 1681 aa
591 1629 754 1696 distinguens
779 1629 829 1694 12,
846 1628 890 1682 44.
918 1631 1000 1686 habet
1022 1638 1109 1689 stiam

24 1743 30 1763 r
126 1715 286 1773 huiusmodi
306 1713 494 1778 intellectum,
521 1725 553 1767 ut
573 1712 666 1780 dicas,
690 1714 776 1770 aliter
789 1733 846 1787 ¹ego
863 1711 928 1785 feei
952 1727 980 1770 et
998 1717 1108 1770 lacertus
1166 1776 1170 1784 Ι
1194 1761 1196 1767 ,

124 1824 184 1858 sum
205 1812 289 1872 atque
308 1811 347 1864 tu,
365 1798 416 1851 doc
434 1808 476 1851 est
492 1797 574 1852 aliter
591 1816 643 1869 ega
661 1810 739 1851 actu
760 1799 809 1852 vel
825 1820 907 1872 quam
930 1813 969 1854 tu.
986 1798 988 1803 ¹
1005 1803 1119 1854 Gellius⁴

127 1893 177 1952 10,
201 1886 246 1939 29.
273 1903 338 1936 nam
362 1894 389 1936 et
411 1901 463 1953 pro
480 1878 619 1938 ‘adverbio
645 1883 741 1947 valet,
768 1905 828 1936 cum
846 1885 965 1939 dicimus
982 1872 1107 1939 aliter
1177 1945 1180 1949 ,
1216 1894 1220 1899 ’

126 1991 192 2044 ego
216 1967 298 2040 feei
317 1980 430 2040 atqua
456 1980 511 2021 tu:
531 1968 676 2040 significat
701 1969 773 2022 enim
794 1969 912 2024 aliter
934 1988 1036 2040 quam
1061 1980 1106 2023 tu.

126 2058 273 2112 Priscianus
299 2055 347 2118 18,
371 2053 432 2108 249.
457 2075 483 2123 p.
503 2055 580 2107 1192.
607 2065 635 2107 et
663 2064 749 2117 nota,
783 2054 858 2127 quod
885 2074 920 2108 ec
948 2050 1107 2110 huiusmodi

124 2153 262 2196 structura
286 2159 387 2212 graeca
398 2135 687 2213 frequentersXLatini
703 2160 744 2192 ac
763 2150 790 2192 et
810 2151 923 2210 atque
941 2144 970 2193 in
993 2137 1105 2210 signifi·

125 2232 234 2281 catione
254 2223 448 2278 similitudinis
467 2227 616 2294 accipiunt,
636 2236 666 2276 ut
683 2225 825 2279 similis
846 2238 902 2279 est
920 2224 1104 2278 haec'ora·

124 2317 177 2367 tio
197 2321 309 2380 atque
328 2320 425 2363 ante.
447 2309 586 2380 Virgilius
605 2313 635 2363 in
654 2313 700 2362 ΠΙ.
714 2309 830 2363 Aeneid.
848 2310 892 2374 [3,
911 2310 985 2372 238]
1007 2307 1104 2377 lraud
1129 2328 1132 2333 ·

123 2414 285 2452 secutae
303 2389 582 2464 iussifaoiunt.
600 2423 635 2436 -
658 2387 1103 2468 Facioatquefeaianta

121 2502 174 2557 pru
194 2484 265 2536 sicut
281 2490 347 2533 ante
358 2474 433 2549 faci.

173 2607 228 2653 Iam
272 2601 375 2668 singula
410 2600 528 2668 exempla
562 2599 707 2650 afferamus.
760 2601 871 2653 Ponitur
910 2603 984 2660 enim*
1018 2611 1103 2672 atque

121 2699 296 2759 pastaeque.
329 2687 383 2737 uic.
410 2687 442 2736 de
465 2687 528 2736 Nat.
556 2686 588 2734 D.
613 2683 646 2748 3,
674 2685 723 2748 10,
745 2684 788 2737 45.
812 2698 843 2738 at
867 2685 896 2738 lii
920 2685 1031 2757 quidem
1059 2703 1102 2742 co.
1202 2738 1204 2745 Ι

120 2776 214 2827 luatur
238 2791 324 2842 aeque
347 2773 430 2840 atque
456 2768 510 2823 ilii.
544 2763 617 2820 Laelss
637 2769 737 2843 mut.
757 2776 804 2842 qui
830 2770 889 2824 illis
908 2791 996 2844 aeque
1017 2790 1050 2824 aa
1070 2781 1102 2822 tu

63 2882 66 2887 ·
121 2865 182 2930 ipse
207 2857 348 2930 gauderet.
385 2856 417 2906 de
437 2856 496 2908 Div.
516 2855 547 2916 1,
575 2856 627 2919 29,
653 2852 696 2907 45.
728 2858 836 2907 Terent.
854 2859 936 2907 Andr.
953 2855 988 2922 4,
1007 2858 1040 2918 2,
1060 2855 1102 2907 19.

121 2947 173 2999 vid.
192 2945 273 2995 Hadr.
290 2942 423 2996 Cardinal.
442 2940 574 2992 demodis
594 2941 640 2990 lat.
655 2941 709 3008 loq.
726 2959 752 3010 p.
772 2941 798 2992 8.
818 2941 844 2995 b.
860 2971 894 2982 -
911 2953 971 3010 post
988 2944 1101 3013 aequus.

123 3031 178 3081 Cic.
204 3032 281 3081 Verr.
309 3027 412 3092 3,19,
435 3025 478 3077 49.
505 3044 588 3098 quiam
612 3042 646 3078 ex
664 3030 815 3094 provincia
844 3027 948 3097 populi
969 3045 1037 3080 rom.
1057 3045 1102 3078 aa·

122 3134 206 3187 quam
224 3125 334 3176 partem
360 3123 389 3164 ta
417 3106 470 3166 tibi
487 3115 635 3179 sumpseris
653 3122 736 3181 atqua
752 3109 862 3180 populo
888 3124 956 3170 rom.
985 3116 1101 3165 miseris.

86 3230 89 3239 .
120 3203 178 3268 Liv.
194 3198 237 3263 39,
256 3198 299 3261 37,
317 3196 357 3249 14.
375 3196 459 3249 modo
478 3216 512 3249 ne
528 3199 557 3250 in
572 3213 661 3268 aequo
671 3194 764 3248 hostes
782 3195 1102 3271 nostrinostriqueapud
1197 3239 1204 3249 .

63 3311 65 3316 ’
118 3305 170 3340 uos
189 3287 246 3335 sint
265 3303 297 3335 ac
317 3301 367 3334 nos
391 3283 479 3334 socii:
505 3285 588 3336 immo
617 3302 650 3333 ue
675 3280 788 3334 meliore
813 3284 870 3333 iure
893 3285 959 3336 sint.
979 3311 1013 3323 -
1039 3290 1102 3350 post

118 3372 200 3426 idem.
236 3370 290 3420 Cic.
309 3368 340 3419 de
365 3371 421 3418 Inv.
442 3367 476 3430 2,
502 3365 553 3429 83,
580 3364 622 3415 70.
640 3354 668 3418 in
693 3365 763 3418 hana
789 3371 1040 3438 argumentationes
1065 3384 1100 3420 ex
1180 3438 1181 3443 1
1222 3351 1238 3387 '¹

118 3454 217 3510 iisdem
242 3453 310 3508 lueis
335 3451 484 3505 sumendae
511 3461 575 3502 sunt
599 3462 683 3523 atque
708 3455 737 3505 in
766 3468 892 3504 caussam
919 3450 1098 3523 negotialem.

117 3543 182 3592 Cato
203 3541 235 3593 de
256 3526 298 3592 lle¹
313 3542 346 3591 R.
364 3537 407 3602 48,
419 3536 483 3605 (49,)
502 3537 526 3587 1.
544 3536 583 3588 ad
600 3537 724 3589 eamdem
743 3536 855 3589 madum
873 3549 957 3607 atque
975 3536 1110 3591 -.¹¹vi‹t.„

117 3627 199 3677 Hadr.
227 3625 358 3676 Cardinal.
382 3643 408 3692 p.
429 3622 455 3674 9.
480 3622 505 3672 b.
531 3622 704 3674 Ruddimann.
736 3620 762 3672 2.
785 3640 810 3690 p.
830 3619 924 3673 945-
942 3625 1096 3688 postitem.

116 3715 202 3763 Varro
231 3711 262 3761 de
288 3715 325 3762 lle
354 3712 385 3761 R.
411 3709 443 3772 2,
463 3706 495 3771 7,
519 3704 560 3757 15.
587 3724 643 3758 non
670 3710 736 3760 item
760 3719 824 3759 sunt
845 3705 992 3775 spectandi
1010 3708 1096 3777 atque

18 3836 21 3839 -
117 3794 246 3848 habendi.
271 3797 311 3845 De
334 3795 411 3861 Ling.
433 3793 480 3842 lut.
497 3790 531 3854 9,
548 3789 574 3868 4.
594 3792 654 3858 (10,
674 3790 785 3855 4,179.
804 3792 858 3860 sp.)
877 3819 909 3829 -
927 3801 988 3860 post
1005 3794 1096 3846 iuxta·

116 3881 175 3934 vide
192 3881 262 3930 inira
277 3879 328 3929 hoc
346 3897 402 3930 voc.
420 3889 447 3930 et
464 3877 544 3944 Hadr.
560 3877 664 3928 Cardia.
683 3895 709 3944 p.
718 3877 743 3928 9.
753 3879 779 3929 b.
799 3906 833 3915 —
851 3887 911 3944 post
928 3896 990 3946 par.
1009 3878 1094 3928 Pleut.
1167 3884 1169 3889 ’

118 3967 175 4017 Mil.
209 3961 241 4030 4,
274 3963 307 4028 6,
338 3962 381 4019 36.
417 3965 441 4016 si
468 3983 565 4034 parem
597 3963 765 4032 sapientiam
791 3961 834 4013 liic
865 3959 949 4016 labet
975 3982 1008 4014 ac
1027 3959 1094 4032 for·

116 4070 199 4104 mam.
234 4050 288 4102 uic.
307 4050 339 4102 de
360 4050 424 4102 Nat.
443 4050 477 4105 D.
496 4048 580 4115 3,1,,
601 4047 627 4101 3.
647 4068 734 4121 neque
756 4045 916 4118 enimfmilri
941 4066 995 4120 par
1020 4053 1092 4105 ratio

1191 4028 1202 4075 i
