2618 4770
656 287 728 357 An.

217 460 266 504 ra,
285 439 331 490 sed
346 438 480 506 speciosa:
502 458 564 492 suus
583 439 692 496 Seleia.
718 445 791 497 Caes.
807 447 834 495 B.
851 442 905 494 Cir.
920 443 947 506 2,
964 442 1005 497 85.
1024 442 1201 501 buccinatore

217 526 359 580 incastris
378 533 406 574 et
420 527 519 593 paucis
535 526 574 577 aci
587 531 706 597 speciem
721 527 909 602 tabernaculis
922 529 1034 586 relictis.
1050 533 1076 593 2,
1093 531 1136 583 41.
1154 552 1201 603 pe-

216 612 309 666 ditatu
327 609 475 661 dumtaxat
496 611 596 679 procul
609 612 648 664 ad
665 616 782 683 speeiem
800 617 897 667 utitur.
913 615 930 664 i.
946 633 970 665 e.
987 626 1016 665 ut
1033 617 1133 683 species
1151 635 1200 668 ex-

216 699 346 750 hibeatur.
372 695 401 743 B.
416 694 485 745 Gall.
502 694 532 760 l,
548 693 591 746 51.
616 698 775 764 Frontial,
794 695 820 762 6,
837 696 863 749 ⁵.
887 700 922 749 Et
938 701 1095 751 deexterna
1112 718 1200 751 rerum

217 781 315 849 effigie.
343 777 397 827 cre.
412 776 441 827 sn
455 779 532 830 2....
548 781 575 843 2,
592 782 636 844 22,
653 781 696 833 ss.
715 783 791 834 aaa.
809 763 842 834 ἑ.
856 785 931 834 roa.
945 780 971 844 2,
988 782 1014 847 2,
1027 785 1070 836 22.
1090 782 1200 857 pugna

215 866 254 922 ud
284 860 441 930 exemplum
471 869 557 934 primi
587 867 805 955 2221222222ξὶ22
832 866 896 937 pili.
931 869 1020 919 Celsus
1040 869 1075 934 4,
1109 872 1152 924 12.
1175 873 1200 924 si

214 965 293 1006 uetus
311 950 411 1000 vitium
434 961 495 1016 est,
537 963 650 1020 oportet
677 931 861 1026 taieffffuiain
879 955 1018 1022 optimum
1036 955 1075 1007 ad
1092 960 1198 1028 piperis

215 1031 434 1108 magnitudinem
450 1034 592 1091 devorare.
606 1036 637 1110 6,
654 1037 699 1090 24.
727 1035 753 1101 6,
772 1035 798 1088 6.
1078 1022 1152 1089 Μ

247 1141 330 1191 Plaut.
342 1137 406 1188 Cist.
424 1136 457 1201 l',
476 1139 507 1201 1,
526 1136 568 1197 73.
598 1140 636 1192 ad
655 1144 738 1195 istam
747 1133 860 1210 faciem
879 1150 921 1192 est
937 1139 1063 1208 morlrnr,
1093 1148 1141 1214 qui
1156 1162 1197 1199 me

215 1242 347 1287 uincerat,
379 1222 461 1276 Mero.
478 1225 512 1289 2,
530 1225 564 1290 3,
582 1225 625 1278 90.
643 1245 725 1279 senex
740 1236 782 1278 est
801 1225 932 1296 quidam,
959 1231 1006 1300 qui
1018 1226 1109 1295 ,illumi
1121 1248 1196 1281 man·

216 1313 297 1369 davit
318 1315 403 1384 asilii,
433 1323 465 1366 ut
489 1330 606 1364 emerem
623 1311 662 1364 ad
683 1309 792 1364 isthanc
808 1307 945 1387 facienes*
963 1329 1074 1383 quorum
1093 1332 1195 1367 sensum

103 1424 107 1429 ·
213 1400 327 1469 explicat
348 1420 372 1454 2.
390 1400 433 1454 90.
456 1409 487 1453 at
504 1395 573 1452 milri
589 1395 703 1468 quidam
719 1395 882 1449 adolescens
899 1382 1142 1466 pater‘mandavit
1156 1398 1204 1454 2221·

212 1484 294 1537 illam
304 1481 431 1556 faciem,
450 1488 491 1538 ita
508 1495 539 1536 ut
556 1481 609 1536 illa
623 1493 684 1546 est,
706 1499 821 1534 emerem
834 1478 897 1534 silri.

248 1589 331 1650 „Non
351 1588 456 1641 memini
480 1572 545 1637 alias
574 1603 615 1636 me
636 1584 727 1650 legere
750 1584 818 1651 apud
835 1583 915 1632 ullum
931 1583 1194 1652 veteremprobatum

213 1673 385 1741 scriptorem,
402 1673 430 1724 id
446 1671 516 1740 quod
531 1670 608 1735 vulgo
624 1686 693 1718 nunc
708 1684 799 1719 omnes
814 1664 966 1734 loquuntur,
989 1673 1142 1739 exprimere
1156 1670 1194 1722 ad

209 1759 313 1810 vivum.
347 1756 507 1822 Interrogati
528 1753 643 1803 iuniores
665 1751 791 1813 studiosi,
816 1761 902 1830 utrum
931 1754 1033 1822 aliquid
1057 1755 1194 1819 eiusmodi,

210 1843 312 1894 recenti
327 1842 462 1902 memoria,
480 1838 623 1904 legissent,
642 1845 785 1902 negarunt:
813 1853 941 1905 quumque
956 1840 1065 1908 amplius
1080 1858 1110 1890 22
1127 1841 1193 1890 21111-

97 1919 102 1928 ’
208 1929 312 1994 gentius
342 1925 512 1993 inquisissent
545 1922 657 1983 iterum,
688 1919 755 1970 nihil
778 1920 909 1972 inventum
940 1941 955 1973 2
982 1943 1010 1977 22
1043 1926 1192 1992 responde-

207 2014 298 2062 runt.“
335 2011 478 2062 strssca.
501 1996 555 2061 NAd
579 2006 674 2058 viuum
696 2023 777 2075 agere
805 2007 980 2077 tragoediam
1004 2009 1139 2077 Scioppius
1164 2012 1192 2060 in

207 2093 319 2145 iufamia
342 2094 462 2147 Famiani
487 2112 516 2162 p.
533 2091 578 2152 60,
603 2104 681 2145 vocat
706 2093 811 2145 fossore
835 2102 880 2143 aut
903 2094 1063 2162 caprimulgo
1084 2095 1192 2161 dignum

206 2195 299 2245 genus.

132 2243 161 2307 '¹'
220 2281 252 2342 4.
286 2279 473 2368 Scriptores
493 2279 695 2354 recentiores
720 2275 802 2341 adeo
830 2280 1116 2369 praepositionem
1145 2284 1190 2347 ita

30 2376 41 2415 -‘
136 2364 356 2453 usurpabant,
378 2375 417 2429 ut
436 2367 507 2453 ipsa
524 2361 733 2453 significaret,
748 2362 940 2445 iurandum
956 2366 1089 2431 alicuius
1104 2370 1164 2431 rei.

239 2493 325 2545 Solia.
342 2495 436 2565 Polyb.
452 2492 478 2545 7.
490 2494 583 2547 reddit
596 2504 706 2544 succum
721 2489 818 2544 album
833 2490 872 2543 ad
890 2488 973 2544 lactis
991 2496 1186 2561 superessem.

202 2575 308 2633 honore
333 2592 361 2635 et
379 2582 470 2652 pretio
498 2578 537 2631 ad
559 2576 724 2651 smaragdos
744 2573 1182 2645 212222211121222.1121821222-

202 2665 256 2715 sius
271 2684 298 2734 p.
314 2664 357 2718 97.
373 2687 396 2722 c.
412 2664 471 2720 165.
492 2667 520 2717 d.
533 2663 592 2717 179.
613 2683 638 2732 g.
656 2661 747 2725 Barth.
770 2662 804 2712 ad
823 2660 908 2711 Gratii
926 2663 1023 2730 Cyneg.
1040 2663 1100 2716 211.
1128 2669 1186 2714 Au-

202 2768 259 2802 son.
286 2753 400 2804 Profess.
428 2747 477 2814 15,
507 2749 548 2801 11.
574 2748 737 2819 disputator
755 2746 795 2799 ud
816 2745 978 2800 Cleanthem
997 2751 1122 2802 Stoicen.
1139 2750 1185 2815 20,

201 2832 227 2905 ⁷.-
246 2839 427 2906 grammatice
444 2834 483 2887 ad
502 2835 644 2888 Scaurum.
661 2832 739 2882 Cani.
756 2842 835 2883 notae
852 2834 951 2884 Viceti.

234 2939 265 2987 ln
272 2939 364 2990 Avieni
374 2943 420 3009 Or.¹
431 2938 518 2988 merit.
528 2935 588 2988 189.
596 2933 772 3005 splendorem
788 2931 889 3008 uirique
905 2939 1010 3009 quippe
1027 2938 1116 2992 in'esse
1125 2937 1184 3006 flu·

182 3010 186 3017 ’
200 3021 289 3076 stilus
310 3026 378 3077 vitri
393 3023 431 3077 ad
447 3025 575 3085 nitorem,
591 3031 618 3072 et
632 3037 682 3090 per
696 3015 870 3090 profundum
888 3024 1032 3087 marmoris
1048 3042 1185 3095 cyrineum

199 3108 229 3160 in
258 3107 342 3162 undis
377 3127 436 3161 esse
467 3118 570 3160 certum
588 3108 739 3176 imaginem
764 3115 814 3158 e·t.
839 3105 995 3172 ambigitur,
1019 3118 1105 3157 utrum
1121 3126 1182 3157 ver-

199 3192 233 3242 ba
252 3191 291 3245 221
311 3196 428 3247 nitorem
446 3193 515 3246 vitri
532 3191 586 3243 sint
602 3188 642 3240 ud
664 3192 783 3244 nitorem
804 3211 889 3266 usque
910 3196 997 3255 vitri,
1025 3211 1058 3244 an
1084 3193 1116 3245 de
1141 3194 1182 3243 si-

197 3275 351 3328 militudine*
383 3278 513 3329 dieantur.
551 3279 611 3330 Hoc
636 3293 715 3327 uuum
741 3287 829 3331 tamen
853 3280 960 3350 probari
989 3289 1094 3348 potest,
1129 3298 1183 3331 non
1213 3314 1216 3319 -

197 3359 273 3414 illud.

210 3462 242 3525 5.
272 3459 332 3525 Α21
355 3461 492 3548 aliquid
513 3462 694 3549 disputare
714 3465 851 3547 dicitur,
883 3468 979 3531 certis
1004 3465 1102 3530 rebus
1127 3468 1184 3532 vel

127 3545 374 3630 quaestionibus
407 3550 590 3634 propositis
622 3551 803 3632 disserere,
847 3561 880 3615 et
914 3554 1095 3616 secundum
1127 3549 1186 3617 222

59 3634 63 3641 ’
126 3641 214 3694 certa
239 3632 290 3696 via
316 3654 353 3694 22
375 3634 505 3697 ratione
529 3636 701 3699 instituere
737 3658 928 3701 sermonem
953 3637 1004 3702 vel
1027 3639 1180 3724 disputa-

124 3715 262 3779 tionem.
296 3719 377 3781 uic.
408 3717 507 3782 Tusa
538 3721 604 3800 Qu.
629 3727 670 3801 3,
693 3725 732 3794 9,
758 3725 810 3786 18.
833 3722 949 3808 itaque
969 3746 1039 3786 non
1057 3724 1180 3789 inscite

125 3798 341 3866 Heracleotes
365 3801 554 3889 Dionysius
572 3804 622 3868 acl
642 3829 685 3870 ea
700 3806 868 3892 disputat,
888 3830 976 3894 quae
991 3809 1087 3894 apud
1101 3808 1180 3874 Ho-

122 3906 254 3948 merum
279 3887 428 3952 Aelu'lles
451 3891 683 3976 queritans,
704 3893 745 3971 4,
773 3896 805 3956 8.
837 3891 886 3955 ad
911 3892 950 3957 id
977 3894 1179 3958 2212221222

123 3981 190 4032 aut.
208 3969 389 4036 anchilleus
404 3973 637 4061 disputabam.
682 3975 812 4056 Quibus
838 3988 876 4041 ut
900 3978 1178 4062 demonstrarent,

122 4071 170 4119 nn
199 4055 268 4120 vim
287 4056 420 4124 .habere
447 4061 705 4150 praepositionis
730 4061 793 4145 de,
826 4061 1043 4148 conferebant
1061 4064 1177 4130 locum
