2618 4770
156 336 198 416 50·
229 332 232 337 ·
539 336 586 417 A,
630 335 704 420 AB,
747 298 846 401 ΑΒΕ.
928 426 930 434 y

256 492 376 553 Lucanus
392 493 417 558 1,
432 490 474 543 59.
492 482 642 563 nullaeque
661 489 771 547 obstent
784 512 803 545 a
824 490 943 557 Caesare
955 489 1051 546 nubet
1073 492 1095 544 i.
1114 500 1137 544 t.
1153 493 1179 544 ci

220 582 287 638 eum.
313 583 378 635 Plio.
402 580 473 628 Hist.
494 587 548 627 net.
563 567 616 640 17,
631 576 657 628 2.
686 586 770 649 quum
789 581 819 632 in
842 581 932 634 vineis
956 577 1179 649 pedamenta'ns

220 673 278 723 sint
299 687 316 720 a
338 673 422 719 vento
439 681 471 720 eo
489 661 670 732 opponenda.
696 664 715 713 i.
730 683 754 715 e.
771 663 894 714 adversus
912 663 1085 730 Aquilonem,
1109 664 1160 725 vel,

220 769 307 821 supra,
326 759 432 816 aparte
451 742 597 815 Aquilonis.
614 750 680 798 Stet.
699 749 761 799 Silr.
778 749 804 816 1,
824 748 851 812 2,
869 745 913 800 23.
936 747 1069 803 eluminat
1083 750 1179 820 niveis·

218 834 345 893 vultibus
362 830 467 885 obstas.
485 830 503 880 i.
512 849 535 883 e.
553 849 586 882 ex
601 832 720 884 adverso.
735 833 820 886 Theb.
835 829 868 896 4,
885 829 946 883 664.
961 835 1098 886 cernimus
1117 849 1179 902 opp«

219 923 282 975 sitis
298 916 424 973 Semelen
440 934 459 968 a
474 926 569 969 ventre
584 914 704 972 lacertis.
722 918 741 968 ἱ.
759 937 782 970 e.
800 919 920 986 regione,
937 918 964 969 iu
980 935 1032 985 que
1047 928 1139 968 venter
1152 935 1179 985 pu

219 1006 272 1056 tuit
294 1003 389 1070 attingi
414 1001 532 1072 flammis.
567 1001 668 1070 Apulei.
689 1001 801 1071 Apolog.
823 1022 850 1071 p.
870 1001 940 1067 284,
962 1003 1006 1054 20.
1034 1004 1077 1055 ita
1099 1014 1127 1055 et
1151 1001 1179 1055 til

216 1086 314 1142 umbra
338 1081 533 1160 ignobilitatis
555 1084 743 1157 uprobatore
759 1085 882 1142 obstitit.
906 1086 951 1138 ubi
972 1087 1026 1137 vida
1043 1087 1179 1139 Wowerim

215 1174 267 1224 Sed
289 1173 342 1223 aliu
360 1171 464 1224 videtur
482 1189 526 1221 res
553 1171 582 1219 in
608 1171 684 1233 Statii
707 1172 791 1227 Theb.
808 1171 843 1236 7,
865 1168 926 1221 445.
950 1169 1080 1243 nullique
1098 1171 1179 1226 aliis«

217 1255 361 1311 montibus
387 1254 501 1309 obstant
529 1254 684 1326 despectus.
722 1258 767 1307 ubi
799 1258 897 1309 dicitur
917 1255 1057 1324 despectus
1086 1259 1118 1308 ab
1142 1258 1177 1308 ulii

218 1330 360 1394 montibus.
394 1344 555 1392 Burmannus
578 1340 612 1390 ud
628 1342 725 1391 Lucan.
751 1342 783 1404 1,
799 1341 842 1393 60.
865 1351 919 1393 uon
937 1352 1060 1392 accurate
1078 1342 1177 1392 distinxi

166 1426 170 1447 ³
217 1426 345 1496 exempla.
379 1427 442 1479 Vid:
462 1425 575 1476 Miscell.
597 1412 733 1477 Observet.
755 1429 815 1478 Vol.
836 1425 862 1480 3.
889 1445 916 1494 p.
929 1424 990 1478 257.
1024 1429 1110 1488 Quum
1123 1429 1179 1477 Mur·

216 1514 290 1564 tiulis
312 1513 349 1562 ait
364 1511 399 1577 3,
412 1510 456 1564 28.
477 1513 572 1564 onmia
588 1529 672 1582 quum
691 1521 763 1562 retro
777 1517 871 1581 pueris
885 1509 1004 1566 obsonia
1020 1512 1129 1574 tradas,
1146 1521 1179 1562 cu

154 1598 157 1603 ’
216 1598 274 1650 non
289 1608 383 1649 mensa
398 1594 451 1650 tibi
465 1598 608 1666 punitura
623 1593 766 1665 pedibus?
784 1596 857 1647 locus
870 1607 977 1648 notatur
993 1596 1027 1646 ad
1040 1597 1131 1666 pedes,
1145 1594 1179 1645 ub'

213 1684 294 1736 servis
316 1683 403 1751 parari
419 1683 521 1733 solebat
537 1698 635 1731 mensa.
918 1738 922 1746 Ι

249 1789 298 1837 Est
322 1787 397 1838 locus
411 1786 485 1836 'Livii
504 1783 553 1847 37,
573 1781 625 1846 44,
644 1780 670 1833 4.
698 1783 727 1833 in
746 1775 821 1833 libris
847 1781 884 1833 ita
908 1785 1021 1852 scripius
1045 1783 1132 1856 legati
1153 1781 1179 1835 al

220 1869 366 1944 Thyatira
390 1879 452 1922 eta
469 1869 628 1938 Magnesia
654 1864 690 1918 'ab
712 1865 818 1938 Sipylo
834 1867 873 1918 ad
892 1867 1034 1922 'dedendas
1055 1868 1131 1922 tttbes
1147 1888 1179 1922 ve·

209 1959 320 2010 nerunt.
347 1949 375 2005 in
391 1961 443 2022 qut)
465 1950 634 2022 spanhemius
657 1953 720 2003 olim
741 1964 768 2004 et
787 1953 986 2005 Drakenborch.
1011 1956 1179 2006 existimabant

100 2051 102 2057 ’
212 2042 266 2091 dici
279 2058 357 2107 posse
377 2040 534 2110 Magnesia
552 2037 587 2089 ab
607 2036 712 2108 Sipylo
734 2053 783 2105 pro
801 2034 851 2088 sub
873 2033 980 2110 Sipylo
995 2041 1038 2092 vel
1052 2041 1091 2093 ad
1108 2043 1179 2112 Sipy-

212 2123 281 2178 lum.
295 2123 357 2178 Vid.
376 2115 471 2190 Spunh.
486 2123 518 2174 de
539 2121 637 2172 Praesi.
654 2139 723 2171 num.
738 2141 764 2189 p.
781 2112 840 2172 895.
866 2124 951 2180 Nemo
967 2134 1055 2176 tamen
1070 2106 1179 2195 ¹uinquam

209 2207 253 2258 itu'
264 2210 386 2276 loquutus
400 2217 448 2257 est.
469 2207 546 2256 Aliud
559 2209 638 2271 enim,
654 2208 725 2274 qubd
733 2205 803 2276 apud
810 2207 876 2259 Plin.
888 2210 921 2260 H.
931 2228 957 2260 n.
972 2207 998 2276 5,
1014 2209 1058 2263 31.
1074 2222 1100 2264 et
1108 2210 1179 2264 Tacit.

209 2297 241 2349 A.
255 2294 281 2345 2.
295 2291 338 2344 47.
367 2293 524 2363 Magnetes
540 2312 558 2343 a
577 2291 693 2365 Sipylo.

150 2462 152 2467 .
224 2416 258 2475 2.
291 2409 371 2474 Inde
394 2421 474 2476 'vero
499 2411 663 2474 exsistunt
686 2409 812 2488 multae·
834 2411 964 2476 dicendi
979 2408 1144 2480 formulae
1165 2434 1179 2476 o

130 2495 269 2585 fronte,
288 2519 323 2558 a
339 2494 479 2578 dextra,
504 2520 526 2559 u
546 2508 640 2575 terra
648 2543 658 2572 ,
682 2519 706 2558 a
721 2495 824 2572 mari,
843 2521 866 2560 a
881 2521 1003 2585 cumpo
1012 2545 1022 2574 ,
1044 2516 1067 2563 u
1083 2499 1179 2565 meri·

137 2583 206 2664 die,
232 2605 257 2644 a
272 2582 501 2666 septentrione
518 2592 550 2644 et
565 2581 645 2644 alia:
671 2602 753 2666 quae
770 2574 924 2646 omnibus
941 2585 1022 2647 notu
1038 2597 1125 2650 sunt.
1147 2583 1179 2650 [ι

136 2667 230 2732 libris
253 2667 384 2753 scriptis
405 2689 503 2754 saepe
522 2675 727 2730 commutata
744 2664 821 2735 suni
844 2668 945 2732 verbu
968 2692 991 2732 u
1013 2666 1137 2736 dextro
1156 2691 1179 2732 e

138 2752 188 2817 ad
204 2751 373 2817 dextram·
397 2743 463 2818 vid.
482 2753 603 2818 'Burm.
624 2752 665 2816 ad
681 2750 777 2816 ovid.
795 2751 876 2816 Met.
893 2759 926 2835 2,
942 2755 996 2820 25.
1015 2761 1137 2838 3,161.

240 2888 294 2939 (lic.
305 2889 416 2956 Philipp.
431 2886 465 2952 3,
492 2886 541 2951 13,
562 2875 614 2952 22,
631 2900 649 2939 a
667 2897 763 2958 tergo,
781 2905 799 2938 a
811 2882 929 2955 fronte,
960 2911 978 2943 a
994 2890 1130 2947 lateribus
1149 2900 1179 2944 t«

201 2969 319 3026 nebitur.
344 2973 432 3024 Livius
447 2970 497 3034 27,
514 2968 559 3039 48,
582 2970 622 3053 16.
643 2976 685 3026 ita
702 2987 736 3025 ex
752 2969 880 3026 omnibus
896 2973 1034 3045 partibus,
1054 2977 1091 3030 ab
1100 2975 1179 3048 fros

202 3052 248 3124 te,
265 3054 300 3108 ab
317 3056 422 3120 latere,
447 3054 482 3107 ab
501 3066 580 3127 tergo
601 3057 773 3111 trucidantur
794 3059 924 3129 Hispani.
943 3098 944 3102 ,
959 3062 1054 3113 Caesar
1068 3066 1099 3114 Β.
1117 3057 1179 3115 Ga]

200 3141 236 3205 2,
263 3130 314 3204 23,
338 3131 365 3191 4.
386 3142 455 3193 totis
471 3135 539 3209 fere
560 3161 577 3193 a
594 3137 696 3211 fronte
716 3153 744 3195 et
766 3141 802 3195 ab
829 3147 942 3198 sinistra
964 3157 1047 3216 parte
1062 3149 1177 3207 nudat

202 3230 309 3280 castris.
327 3226 448 3277 Frontin.
471 3225 505 3290 3,
523 3225 556 3289 9,
575 3225 600 3277 7.
614 3254 616 3257 ·
630 3226 837 3299 Thrasybulus,
857 3239 887 3280 ut
901 3240 1015 3300 portum
1033 3233 1163 3304 Sicyoni
1167 3248 1179 3276 ⁴

199 3329 260 3362 rum
283 3321 448 3381 occuparet,
484 3329 502 3361 a
527 3321 599 3364 terra
630 3310 749 3367 subinde
780 3312 942 3385 oppidanos
965 3321 1097 3370 tentavit.
1133 3313 1179 3371 1ιὲ

199 3392 256 3445 vius
274 3392 324 3458 88,
342 3393 393 3460 32,
412 3396 437 3446 1.
452 3412 519 3459 Ιηοιι
542 3405 615 3450 terra
629 3399 752 3461 tanturn,
777 3398 926 3451 sedetiam
943 3397 1062 3452 navibus
1075 3421 1096 3453 a
1112 3415 1179 3456 mai

192 3473 275 3548 fines
301 3496 396 3531 eorum
417 3468 533 3532 vastati.
551 3480 569 3532 i.
586 3499 609 3531 e.
629 3499 645 3532 u
656 3493 732 3550 parte
747 3481 887 3533 maritima.
904 3480 954 3546 88,
975 3481 1008 3546 4,
1026 3483 1064 3534 9.
1080 3483 1149 3540 bina

197 3579 297 3634 eampo
321 3575 415 3616 castra
437 3579 533 3616 eontra
566 3583 655 3617 arcem
686 3565 798 3619 obiecit.
831 3567 860 3618 A
883 3570 981 3619 castris
1006 3568 1024 3617 is
1041 3587 1065 3621 e.
1093 3590 1128 3624 ex
1150 3585 1179 3623 e

192 3659 280 3717 purte,
295 3649 340 3698 ubi
356 3659 441 3699 cestre
456 3648 543 3716 posita
561 3660 630 3702 sunt.
654 3650 710 3700 Ιιίν.
725 3646 757 3712 4,
777 3649 821 3714 22,
841 3650 866 3701 6.
898 3653 962 3704 ·Vid.
976 3653 1179 3715 Drskeuboml

193 3734 229 3784 ud
243 3733 292 3800 31,
309 3730 345 3786 24
352 3762 360 3796 ,
380 3733 406 3784 9.
441 3733 609 3802 Oudendorp.
626 3735 662 3786 ud
675 3736 796 3786 Frontin.
811 3733 845 3801 4,
864 3736 895 3802 1,
913 3735 956 3789 33³

208 3863 241 3923 3.
266 3858 344 3922 Non
363 3858 493 3923 uliares
511 3863 570 3939 esi,
592 3859 650 3922 ubi
666 3861 750 3923 notio
769 3854 870 3926 eluci
887 3857 1179 3953 alieuiusreg‘ione

125 3942 216 4007 exire
236 3943 375 4024 videtur,
407 3945 498 4028 quod
524 3966 600 4006 oum
615 3945 653 4007 iis
671 3946 833 4031 congruit,
857 3959 1002 4033 quorum
1022 3954 1179 4019 mensim

123 4048 202 4092 nem
229 4049 264 4113 p.
285 4031 335 4093 15.
361 4027 438 4092 feci.
485 4028 549 4090 Sed
580 4029 650 4114 ipse
673 4029 767 4092 locus
794 4041 862 4107 est,
896 4034 953 4119 qui
975 4032 1042 4096 hoc
1066 4041 1179 4103 modo

20 4194 25 4203 Ι
121 4111 343 4200 significatur,
369 4122 402 4175 et
417 4112 545 4198 quietus
566 4123 668 4177 status
688 4117 900 4200 cognoscitur
916 4127 1048 4183 smotu
1067 4145 1179 4210 ugen-
