2618 4770
22 238 24 249 '
125 274 169 334 ro
486 265 533 343 a,
575 261 649 344 111,
676 246 781 335 ses,
817 342 821 351 p

193 419 391 483 Drakenborch.
417 419 452 475 ad
474 419 501 468 li.
522 417 542 466 l.
568 426 596 467 et
619 419 736 475 Gronov.
766 417 799 467 ad
820 414 871 478 27,
895 416 944 480 10,
972 416 996 466 1.
1029 418 1070 468 Do
1086 420 1183 468 verbis

195 507 335 566 declinare
363 525 393 567 sp
419 502 456 558 ab
482 501 578 575 aliquo
617 503 670 565 vid.
684 504 862 573 70ndcudorp.
888 504 922 562 ad
945 505 1015 552 Suet.
1041 505 1114 569 Aug?
1128 503 1177 554 7⁰.

236 591 297 644 283.
1063 644 1066 651 Ι
1124 588 1129 621 l

143 733 145 737 .
194 611 243 743 pt.
267 674 409 739 Additur
424 674 505 738 hooc
523 670 728 773 praepositio
746 690 1002 755 nonnumquam
1021 672 1170 754 etiam,o

127 761 245 846 quibua
259 761 369 826 abesse
386 759 480 841 solet,
493 756 685 826 nomimbus
696 757 841 835 urbium,
851 766 1031 821 nontamen
1040 781 1168 844 semper

126 871 197 911 eom
216 846 259 916 ob
277 867 443 926 caussam,
467 866 567 930 quam
581 842 753 911 novissimi
770 842 976 928 grammatici
991 843 1025 904 in
1042 843 1169 906 occulta

126 933 267 1016 quadam
293 931 326 995 vi
341 930 490 1018 graviore
511 938 682 1015 quaenunt.
726 928 951 1011 Antiquomm
977 930 1168 1012 grammati-

126 1038 244 1078 corum
259 1015 417 1080 nonnulli
430 1025 542 1081 totum
556 1035 655 1087 usum
669 1011 967 1100 reprehendebant,
1012 1010 1077 1078 Sed
1096 1025 1169 1076 sunt

120 1101 216 1179 loca,
238 1100 408 1190 inquibus
425 1123 496 1174 non
513 1100 611 1163 aliam
628 1120 776 1171 caussam
795 1097 940 1184 reperias
963 1118 1064 1181 quam
1091 1104 1169 1184 per-

125 1186 355 1272 spicuitatem,
393 1197 450 1250 out
472 1185 631 1251 orationis
657 1204 857 1261 numerum,
896 1180 1039 1246 fortasse
1072 1186 1170 1247 ctiam

124 1268 367 1358 negligentiam.
391 1277 430 1336 ln
445 1270 515 1342 'aliis
553 1265 666 1333 uideni
680 1267 875 1355 intelligitur
889 1266 979 1336 urbis
988 1267 1092 1415 nepio,
1103 1293 1169 1334 nou

124 1377 191 1425 rino
214 1356 292 1420 urbs
304 1405 315 1437 ,
337 1366 375 1420 ut
397 1356 482 1425 bene
511 1294 695 1420 olservavit
719 1353 920 1439 Malaspina,
949 1352 985 1418 in
1007 1353 1077 1415 eris
1102 1377 1168 1417 non

124 1443 196 1540 ipso
211 1441 301 1516 urbs,
319 1441 470 1507 sed'cives
487 1441 538 1511 vel
548 1441 677 1504 civitast
698 1441 734 1503 ln
747 1438 817 1502 aliis
828 1436 975 1516 eddium,
991 1448 1029 1503 ut
1045 1437 1168 1503 distan-

124 1536 169 1612 tia
186 1527 359 1606 locorum,
384 1527 420 1590 in
443 1526 513 1600 aliis
528 1525 680 1610 denique,
695 1535 734 1596 ut
757 1525 838 1591 situs
862 1545 898 1585 nc
914 1523 1005 1608 regio
1023 1522 1092 1586 loci
1113 1526 1167 1588 dc'-

92 1682 94 1686 ,
124 1613 283 1701 signetur,
307 1612 430 1703 dequo
448 1611 741 1698 posteadioemus.
785 1608 823 1671 Id
842 1618 953 1671 autem
975 1611 1167 1679 certum'vi,

9 1700 27 1766 ’,
123 1698 239 1777 detur,
271 1696 345 1763 eddi
364 1697 649 1785 praepositionem
671 1694 805 1757 urbium
829 1703 862 1756 ct
884 1693 1040 1760 locorum
1055 1697 1168 1763 nomi-

123 1782 239 1856 nibus,
270 1782 328 1846 ubi
340 1783 444 1871 magis
461 1782 502 1844 ad
518 1783 629 1869 ipsum
645 1780 825 1852 discessum
843 1788 874 1854 et
894 1778 1039 1858 exitum,
1071 1802 1166 1865 quarn

125 1867 164 1933 ud
195 1869 283 1938 viam
304 1889 358 1937 ‚res
384 1867 519 1935 icimus;
556 1863 646 1937 velut
681 1863 725 1939 ab
756 1863 900 1941 Athonis
922 1859 1103 1957 proficisci
1125 1878 1172 1929 cst

123 1976 186 2026 rou
202 1952 313 2020 Athen
330 1890 494 2023 adicient.
666 1970 669 1978 ’

225 2069 358 2128 Charisius
373 2069 460 2128 Instit.
487 2088 527 2136 gr.
540 2067 566 2128 2,
586 2067 687 2136 erm.
714 2067 765 2122 iras
779 2073 1006 2139 praepositiones
1024 2067 1171 2126 nonnullis

120 2140 123 2145 A
168 2158 281 2209 ¹visum
299 2164 342 2208 est
364 2174 421 2207 non
444 2154 542 2209 clelrere
557 2157 682 2226 propriis
705 2151 862 2206 nominihus
884 2159 1039 2224 praeponi,
1059 2156 1110 2209 sed
1131 2159 1172 2208 sic

189 2236 342 2312 Antiochia
362 2242 449 2300 venit,
471 2242 550 2299 venit
568 2241 670 2294 Roma.
705 2240 784 2290 Conf.
802 2239 928 2322 Qpinetil,
945 2239 1020 2305 1,5,
1033 2239 1076 2298 88,
1099 2245 1170 2290 Sne-

189 2325 316 2391 kenburg.
342 2326 376 2377 ad
399 2327 472 2378 (lurt.
489 2325 518 2375 ln
537 2325 624 2376 indice
642 2344 662 2374 s.
679 2324 706 2375 h.
722 2343 749 2384 v,
785 2329 869 2394 Atque
884 2328 935 2377 huc
950 2334 1080 2395 spectent,
1101 2344 1170 2393 quae

188 2410 282 2460 Cicero
296 2412 328 2461 de
341 2410 580 2478 praepositionibus
598 2421 658 2463 ante
674 2412 830 2490 oppidorum
843 2414 950 2462 nomina
964 2412 1093 2481 ponendis
1110 2414 1168 2465 dis-

188 2505 264 2567 putat
279 2495 312 2544 ad
327 2500 381 2549 Att.
397 2493 423 2559 7,
438 2492 464 2553 3,

226 2597 281 2647 (lic.
298 2597 332 2648 ad
353 2599 424 2656 Fam,
443 2594 532 2661 tm,
549 2595 575 2649 2·
591 2585 638 2648 ¹ab
655 2594 771 2667 Epheso
795 2604 823 2653 in
843 2601 957 2672 Syriam
972 2598 1091 2658 navibus
1106 2617 1170 2671 pro·

187 2679 281 2752 [ectus
302 2679 483 2746 arat.4,12,
505 2681 531 2731 4.
559 2700 643 2752 quum
666 2682 702 2736 ab
728 2683 846 2747 Athenis
861 2687 1007 2757 proficisci
1023 2693 1053 2742 in
1074 2691 1168 2740 animo

190 2767 327 2821 liabercm.
346 2768 380 2822 ed
394 2771 450 2826 Att,
465 2767 500 2830 6,
521 2766 545 2822 1.
569 2766 619 2823 sed
632 2768 712 2823 credo
729 2780 756 2824 te
780 2769 861 2831 binas
883 2793 957 2826 meas
985 2771 1021 2824 dc
1043 2770 1169 2827 omnibus

188 2851 269 2906 rebus
291 2855 440 2922 accepisse,
461 2869 530 2903 unas
544 2871 563 2904 a
586 2854 759 2921 Pindenisso,
777 2857 883 2912 alteras
899 2858 1085 2915 aLaodicea.
1119 2862 1168 2909 Li-

190 2936 420 3004 vi11340,12,2.
446 2953 482 2990 ex
500 2955 553 3007 quo
569 2959 587 2990 a
609 2925 797 2999 Romaredii.
813 2944 864 3008 37,
886 2945 935 3008 45,
956 2943 981 2995 3.
1019 2944 1114 3014 Scipio
1134 2941 1168 2993 ab

188 3023 283 3082 Elaea
301 3027 388 3077 venit.
401 3020 424 3073 >5
435 3061 441 3085 ‚
458 3020 507 3095 52,
527 3024 567 3075 10.
588 3037 747 3087 transvecta
763 3049 780 3079 a
801 3029 887 3084 Veiis.
920 3030 1009 3088 Livius
1027 3029 1084 3079 fere
1098 3045 1167 3077 sem-

188 3111 322 3184 perdiscit
341 3107 378 3162 ab
395 3107 580 3177 Karthagine.
617 3113 702 3173 Tacit,
717 3117 785 3165 Ann.
800 3114 834 3179 2,
850 3115 892 3166 60.
924 3130 1003 3168 orsus
1023 3100 1132 3183 oppido
1151 3132 1169 3163 a

105 3196 111 3239 ι’
193 3199 323 3266 Canopo.
367 3195 462 3261 Virgil·
485 3198 550 3254 Aen·
574 3191 607 3256 2,
629 3193 691 3248 254.
717 3207 746 3261 et
767 3200 824 3252 iam
846 3202 954 3270 Argiva
973 3194 1103 3268 phalanx
1128 3201 1168 3251 in·

168 3315 173 3322 -
187 3286 302 3335 structis
316 3275 433 3334 navibus
450 3276 511 3332 ibat
528 3298 548 3330 a
569 3279 691 3336 Tenedo.

123 3424 129 3439 χ
223 3387 339 3452 „Censet
358 3383 504 3449 Malaspina
524 3383 552 3430 in
581 3383 676 3449 Castig.
695 3384 723 3433 in
743 3385 795 3434 Cio.
812 3385 845 3433 ad
860 3388 913 3434 Att.
929 3387 1006 3454 epist.
1019 3385 1096 3437 'aliud
1111 3407 1168 3438 esse

187 3469 393 3530 venireflomsq
410 3468 481 3518 aliud
502 3487 520 3519 a
537 3467 640 3522 Roma.
676 3469 777 3519 Omisso
799 3471 952 3545 praeverbio
968 3472 1065 3537 signari
1080 3472 1168 3523 locum

185 3555 358 3614 interiorem,
385 3553 473 3602 addito
499 3552 586 3603 notari
603 3553 777 3617 exteriorem,
804 3565 833 3603 ut
848 3573 866 3605 a
886 3553 1165 3623 Bostrenos-qlo-

188 3642 224 3691 cis
248 3639 377 3698 Buthroto
401 3636 502 3690 vicinis.
540 3637 590 3691 Sed
613 3646 643 3685 ut
664 3637 803 3704 aliquando
825 3636 853 3692 id
871 3659 959 3698 verum
974 3643 1166 3708 esseagnosci—

87 3771 91 3783 ,
185 3745 257 3791 mus,
284 3724 322 3773 ita
343 3741 420 3791 saepe
442 3722 519 3772 aliter
540 3739 596 3775 esse
622 3721 683 3778 setis
708 3723 848 3774 ostendunt
868 3728 927 3778 loca
950 3738 1075 3791 veterum,
1103 3744 1167 3796 qnae

186 3811 347 3867 adduximus.
377 3811 417 3861 [Et
437 3808 475 3855 ita
491 3809 633 3872 Augustum
651 3807 724 3875 loqui
749 3809 850 3873 solere,
874 3796 1014 3863 verisimile
1030 3824 1084 3876 est,
1113 3828 1167 3862 non

186 3896 213 3948 in
236 3896 358 3954 ablativis
376 3891 485 3951 solum,
512 3891 558 3941 sed
585 3884 663 3940 etiarn
686 3893 847 3948 accusativis,
881 3897 948 3949 Nam
973 3898 1167 3964 perspicuitatis

187 3998 276 4033 caussa
301 3996 360 4037 epm
385 3974 593 4044 praepositiones
610 3976 707 4026 addere
723 3979 808 4028 solere
825 3989 916 4036 erretur
932 3991 971 4031 cst
987 3981 1125 4030 Suetonius
1140 3981 1168 4030 in

187 4068 252 4130 Aug.
266 4064 328 4115 86.“
364 4060 472 4119 Vossius
495 4059 527 4117 de
544 4060 691 4112 Construct.
715 4080 740 4130 p.
758 4060 801 4120 46.
836 4065 877 4116 Ita
893 4065 1000 4133 proprie
1015 4065 1112 4116 dicitur
1134 4067 1167 4117 dc
