2618 4770
227 315 290 380 404
375 389 382 398 ,
548 368 553 385 ,
679 307 832 374 araon.

230 467 299 532 aliis
314 461 693 549 exclamationibus-per
710 464 774 543 ab,
796 482 856 539 en,
874 481 945 546 pra
970 459 1140 526 formatis.
1172 461 1264 542 Quare

229 575 334 640 quum
351 551 482 615 Plautus
499 548 579 612 dicii
591 547 697 612 Most.
711 554 731 613 8
740 595 751 630 ‚
775 552 814 627 2,
838 549 911 611 169.
929 569 1048 634 apage
1065 547 1172 611 istam
1188 562 1211 609 a
1221 560 1263 614 mi

222 637 473 725 perducturam,
488 655 559 697 non
575 633 664 698 idem
679 643 728 698 est
743 631 845 718 quod,
858 630 962 719 abige
978 657 1003 697 a
1017 655 1075 696 me
1086 632 1262 718 iatamper·

227 724 413 788 duetorem.
455 719 555 783 Verbi
578 719 673 782 notio
690 718 867 784 evanescitz
889 739 968 782 nam
1009 717 1079 782 uod
1099 718 1137 782 in
1159 719 1262 806 graecis

227 830 360 896 semper
375 804 519 871 refertur
534 803 575 867 ad
591 825 769 891 personam
786 803 948 890 aliquam,
969 741 1007 868 id
1027 804 1066 868 in
1087 803 1194 868 latino
1214 824 1262 869 rc·

228 895 346 959 cabulo
361 891 468 957 induit
482 889 717 955 interiectionis
738 886 895 960 formam.
939 888 1044 974 Igitur
1069 888 1161 974 quod
1183 911 1263 976 saepe

227 981 348 1044 dicitur
358 999 475 1062 apage
489 987 522 1039 te
539 997 562 1038 a
578 997 642 1049 me,
662 996 734 1038 non
749 975 927 1041 arctiorem
939 973 1040 1039 habet
1054 976 1262 1053 constructio·

227 1089 324 1136 nem,
345 1083 444 1149 quam
463 1076 570 1147 quum'
581 1060 694 1147 Lydus
710 1059 798 1147 apud
821 1057 1104 1125 Plautum’sccum
1132 1059 1263 1146 loquitur

226 1149 346 1218 Bacch.
363 1153 404 1225 8,
435 1151 473 1226 1,
490 1147 522 1211 5.
546 1167 664 1232 apage
679 1145 778 1209 istas.
788 1167 811 1208 a
826 1148 880 1208 ine
898 1162 1048 1211 sorores.
1087 1144 1177 1210 Illud
1191 1167 1263 1232 quo-

227 1256 292 1324 que
307 1232 391 1300 verti
406 1230 522 1296 debet:
544 1253 624 1318 weg
639 1253 702 1295 aaa
717 1230 787 1296 mir
799 1229 863 1295 mit
877 1227 946 1295 air.

308 1353 455 1416 Vtuntur
477 1350 583 1413 Latini
599 1349 663 1441 bac
686 1347 835 1415 formula
865 1349 902 1433 in
928 1349 1128 1423 amoliendis
1160 1357 1193 1414 et
1218 1371 1264 1429 re·

224 1437 372 1505 iiciendis
386 1435 483 1501 rebus
499 1436 566 1500 sive
585 1435 800 1517 hominibus,
821 1435 878 1501 sed
897 1438 1027 1499 tantuin
1040 1436 1077 1500 in
1091 1433 1266 1501 vehementi

227 1536 324 1610 utque
337 1521 496 1587 iracundo
521 1531 553 1586 et
575 1519 763 1586 fastidiente
779 1543 952 1601 sermone,
979 1543 1070 1603 non,
1099 1531 1138 1584 ut
1162 1520 1266 1586 Graeei

225 1610 394 1675 interdum
414 1607 532 1690 solent,
549 1608 582 1670 in
602 1607 778 1693 tranquilla
797 1606 1065 1693 compellatione.
1087 1605 1183 1671 conf.
1199 1606 1265 1673 tur.

225 1695 350 1760 Phoen.
384 1695 477 1759 1747.
536 1691 752 1758 Vehementia
786 1691 1001 1756 exsecrationi
1023 1692 1186 1778 proxima
1215 1714 1265 1757 en-

225 1782 384 1870 primitur
399 1779 443 1841 ‹in
466 1778 569 1842 Plaut.
592 1778 695 1842 Mers.
720 1784 757 1860 1,
789 1783 829 1858 2,
853 1782 908 1842 33.
938 1799 1056 1886 apage
1080 1776 1282 1843 istiusmodi

225 1867 388 1938 salntem,
405 1887 482 1927 cum
498 1863 653 1927 cruciata
668 1886 754 1950 quae
770 1862 921 1928 advenit.
970 1861 1061 1926 Prin.
1078 1869 1120 1942 2,
1142 1865 1182 1944 4,
1202 1866 1265 1928 136.
1295 1894 1299 1925 ι

224 1953 340 2037 Neque
356 1950 554 2013 vocabulum
569 1950 633 2020 sis,
663 1949 751 2036 quod
774 1947 946 2024 adhaeret,
975 1970 1018 2012 ex
1032 1948 1064 2012 ci
1079 1949 1130 2025 ais
1155 1959 1265 2029 ortum,
1296 1948 1299 2005 l

224 2037 489 2102 blandimentum
506 2033 695 2119 quoddam,
717 2044 772 2098 aut
786 2032 1030 2118 mitigationem
1056 2031 1144 2097 inse
1166 2032 1264 2113 habet,
1296 2010 1299 2091 l

223 2143 331 2208 neque
347 2121 451 2206 magis
468 2119 508 2181 ad
525 2142 704 2203 personam
716 2119 871 2184 refertur.
925 2118 1107 2207 stertunt.
1122 2119 1223 2203 Poen.
1238 2124 1262 2192 1,

224 2214 264 2280 2,
287 2208 337 2271 15.
370 2227 486 2289 apage
506 2204 553 2266 sis
578 2205 699 2290 negoti
712 2215 878 2292 quantam
901 2203 940 2268 in
964 2203 1106 2268 muliere
1125 2227 1197 2268 una
1212 2215 1262 2269 est.

225 2294 339 2371 Quare
355 2289 439 2352 nihil
454 2288 609 2352 differunt
625 2312 742 2376 apage
758 2301 791 2355 et
806 2311 923 2377 apage
937 2289 996 2353 ais.
1024 2289 1164 2355 Confer.
1172 2290 1261 2354 Plant.

223 2377 381 2453 Trin.2‚
404 2379 441 2452 1,
468 2377 520 2438 31.
544 2396 621 2438 cum
643 2376 762 2441 aaa.
798 2373 937 2463 Proprie
959 2374 1141 2440 diciturde
1165 2375 1260 2454 rebus,
1297 2366 1299 2421 ἷ

225 2482 309 2546 quae
325 2479 397 2522 non
422 2459 571 2545 placent,
600 2481 708 2545 neque
737 2460 915 2549 approbari
935 2469 1091 2546 possunt.
1144 2461 1261 2540 Quam·

225 2547 343 2609 obrem
357 2554 541 2629 sequuntur
560 2546 659 2609 verba
686 2547 892 2634 noapiacet.
923 2545 988 2610 vid.
1014 2545 1119 2610 Plaut.
1144 2546 1215 2610 Mil.
1233 2551 1258 2628 2,

223 2629 702 2715 2‚55.amph.1‚1,1>54.
849 2647 919 2679 .·
1004 2688 1006 2699 .

337 2751 367 2798 In
384 2748 502 2801 Trinum.
519 2751 553 2814 2,
573 2751 607 2815 1,
624 2748 668 2805 25.
693 2767 786 2820 apage
804 2757 846 2813 te,
872 2767 971 2803 amors
994 2767 1052 2802 naa
1070 2748 1178 2822 placer.
1194 2741 1278 2804 nitri*

289 2833 446 2885 restituendi
465 2854 556 2887 caussa
583 2838 746 2887 Hermannus
771 2835 878 2904 scripsit
897 2856 916 2890 a
935 2853 978 2888 me
993 2834 1109 2906 'repages
1139 2855 1190 2905 quo
1204 2854 1257 2903 1νοτ·

290 2917 384 2969 borum
413 2919 505 2972 ordine
529 2939 607 2972 nemo
629 2936 749 2988 umquam
774 2920 896 2989 loquutus
920 2930 970 2971 est.
1005 2921 1036 2971 In
1053 2921 1173 2972 Trinum.
1191 2920 1222 2984 4,
1237 2919 1256 2979 1.

291 3001 334 3056 19.
359 3003 463 3057 codices
479 3024 568 3057 omnes
591 3006 719 3074 praebent
737 3023 830 3075 apage
847 3024 890 3057 ms
907 2995 955 3068 sis,
977 3004 1048 3072 qnod
1062 3007 1203 3057 Lambinus
1217 3023 1255 3056 ex-

289 3087 387 3154 plicat:
406 3091 489 3142 abduc
507 3110 565 3154 me,
587 3093 609 3141 si
627 3092 680 3154 vis,
708 3106 724 3139 a
740 3091 806 3140 mari
822 3091 864 3140 vel
880 3090 990 3141 utentis
1008 3099 1037 3141 et
1052 3090 1151 3141 talibus
1165 3089 1255 3159 pericu·

289 3171 332 3223 lis.
367 3175 418 3224 Sed
432 3176 565 3227 Acidalius
585 3176 677 3228 statuit
694 3175 860 3228 scribendum
877 3193 934 3227 csse
951 3183 1107 3265 uutiapage
1125 3185 1154 3231 ts
1171 3177 1209 3229 sis
1220 3183 1256 3226 ant

290 3277 309 3309 a
327 3277 370 3313 are
387 3277 435 3314 sis.

221 3358 357 3424 Praeter
389 3362 535 3425 comicos
571 3373 683 3448 poetas
712 3360 774 3426 hac
812 3361 958 3427 formula
997 3361 1022 3426 ii
1058 3371 1190 3428 tantum
1217 3359 1256 3424 uti

220 3455 388 3590 poterant,
410 3448 517 3531 quiin
535 3448 683 3533 epistolis
703 3458 735 3512 et
754 3448 789 3512 in
804 3447 891 3512 dialo
916 3449 941 3511 is
957 3470 1152 3512 sermonem
1169 3445 1255 3512 fami·
1296 3434 1299 3505 l

235 3529 345 3595 iaritcr
375 3532 584 3618 loquentium
616 3533 835 3597 imitarentur.
893 3470 937 3596 in
967 3533 1139 3597 Ciceronis
1177 3531 1254 3596 libris

220 3612 351 3680 nullum
369 3620 561 3705 exemplum
583 3619 715 3681 obvium
739 3629 797 3682 est.
840 3618 926 3681 Nam
945 3617 1035 3704 quod
1050 3619 1086 3681 in
1108 3616 1255 3705 aliquibus

222 3699 389 3764 codicibus
414 3703 515 3769 Tusc.
538 3711 578 3772 2.
601 3707 660 3784 18,
683 3705 735 3767 42.
761 3704 880 3791 legitur
904 3703 949 3767 rie
970 3704 1214 3767 exercitatione
1231 3712 1256 3765 et

220 3787 460 3854 consuetudine
476 3804 510 3854 et
526 3790 810 3853 commentatione
825 3787 910 3851 dixi.
954 3789 1082 3874 Apage
1100 3790 1160 3863 sis,
1182 3809 1257 3852 nunc

220 3865 422 3946 iteratione
444 3876 629 3940 videamus.
663 3873 696 3936 id
722 3884 833 3961 aperte
854 3873 978 3936 fulsum
1003 3883 1061 3937 est.
1115 3873 1260 3938 Gebhar-

175 4040 178 4045 .
220 3953 280 4016 dus
303 3957 338 4019 in
368 3968 510 4042 quatuor
534 3959 689 4047 palatinis
721 3958 846 4023 invenit
874 3982 1010 4045 agage‚
1048 3959 1140 4044 quod
1162 3960 1258 4023 miror

218 4040 316 4103 etiam
335 4065 352 4105 a
371 4045 518 4111 Gesnero
536 4049 570 4111 in
585 4043 686 4108 Thes.
704 4067 739 4130 p.
757 4049 830 4109 382.
854 4043 1035 4130 probatum
1054 4066 1124 4109 esse
1148 4064 1257 4132 graeco

213 4135 278 4188 usu
294 4126 384 4191 verbi
401 4126 499 4215 ἄγαγε.
534 4130 692 4220 ,Vatinius
719 4129 760 4196 ad
780 4130 848 4194 Cic.
866 4128 930 4218 Ep.
946 4130 966 4195 5
976 4177 987 4213 ,
1012 4134 1073 4215 10,
1094 4136 1128 4197 2.
1152 4151 1260 4219 apage
