2618 4770
684 306 796 386 nvi.

313 479 368 534 Cic.
383 476 417 530 de
435 472 499 533 Offi·
510 473 543 543 1,
558 472 611 539 28,
626 471 672 530 97.
687 473 714 528 ri
727 475 838 532 Aeaeus
854 474 907 528 aui
923 469 1028 529 Minor
1047 471 1167 530 diceret·
1192 475 1256 528 'l'uc

280 565 315 632 5,
332 565 366 630 9,
384 561 428 616 27.
807 632 812 643 ι

213 697 218 703 -
316 670 372 721 cto.
399 666 433 718 de
457 666 529 714 Orat.
550 659 638 727 m,
657 661 699 714 16.
726 671 756 714 ut
776 680 812 716 ne
838 659 981 730 Sulpicius
1004 671 1057 713 aut
1089 659 1180 715 cotta
1205 659 1257 730 pius

284 773 367 829 quam
378 768 432 825 ego
447 745 526 818 apud
544 756 572 800 te
591 745 686 800 vaiers
702 745 859 800 videantur.
879 746 926 796 eiii
946 746 1024 797 codd.
1040 745 1186 810 videatur,
1203 747 1258 814 qaod

214 868 218 873 ·
282 838 406 894 Pearcias
430 831 537 901 recepit.
559 832 607 884 {ie
632 830 683 882 off.
709 829 741 893 1,
766 827 900 893 415148.
926 833 952 883 ri
978 830 1048 904 quid
1070 832 1205 884 Socrates
1222 839 1259 882 art

213 962 216 969 -
238 962 242 969 .
281 925 449 993 Aristippus
465 927 562 969 contra
587 933 689 969 morem
707 914 985 986 consuetudinemque
1008 914 1125 969 civilem
1140 910 1260 986 feceriut

284 1009 319 1062 ed
334 1010 408 1061 Fem-
430 1000 465 1066 4,
485 999 520 1067 5,
540 1002 582 1054 12.
596 1001 655 1053 Liv.
671 997 705 1068 5,
721 999 757 1066 8,
777 998 820 1052 13.
835 1004 919 1070 pauci
942 1003 1011 1071 reip.
1030 999 1100 1053 huic
1115 1009 1203 1071 atque
1218 997 1260 1066 iiii,

282 1105 316 1150 ut
332 1105 454 1164 quosque
481 1086 606 1139 studium
622 1089 758 1156 privatim
782 1095 834 1139 aut
852 1087 947 1156 gratia
970 1084 1200 1155 occupauerunt,¹
1221 1083 1261 1137 sd·

276 1186 358 1231 eruut.
380 1173 428 1225 alii
443 1170 506 1222 libri
524 1181 734 1245 occupaverat„
752 1171 855 1222 Graeca
875 1170 995 1239 exempla
1012 1179 1157 1238 comparat
1173 1169 1261 1221 Scine-

285 1263 358 1313 ferus
382 1256 416 1308 ad
434 1255 501 1308 Plin.
525 1258 588 1307 Pau.
609 1255 662 1320 7⁶,
680 1254 707 1306 1.
738 1255 779 1306 De
802 1254 929 1307 varietate
952 1253 1099 1323 scripturae
1119 1253 1151 1307 in
1171 1254 1224 1310 Cic.
1235 1254 1261 1304 iu

215 1392 218 1397 .
287 1346 364 1397 (inec.
381 1341 497 1393 Diriuat.
522 1339 601 1407 1,1.
626 1339 681 1396 rid.
699 1339 825 1409 Hearing.
850 1338 886 1392 ad
904 1337 958 1391 cto.
977 1338 1010 1392 de
1028 1339 1082 1392 off.
1102 1325 1260 1406 1,41,11).
1299 1400 1301 1413 Ι

284 1438 314 1482 et
333 1425 457 1478 Oreliins.

300 1535 333 1595 2.
372 1528 467 1612 „Aut
497 1525 685 1595 coniunctio
719 1537 775 1594 aut
800 1548 898 1594 voces
924 1528 1097 1628 coniungit
1123 1527 1262 1603 eiusdem

217 1616 357 1705 generis,
377 1637 409 1680 v.
427 1635 459 1700 g.
475 1613 508 1676 si
524 1635 584 1689 eu,
604 1637 691 1701 quae
715 1626 766 1679 est
781 1613 819 1678 iu
834 1625 867 1677 te
889 1624 950 1678 aut
973 1614 1021 1678 ris
1046 1612 1189 1705 eugenii
1210 1623 1262 1678 aut

219 1699 360 1767 dicendi
384 1709 560 1765 renustas:
590 1709 646 1764 aut
676 1701 879 1790 geminatum
901 1720 1096 1798 pronomen
1119 1699 1262 1785 requirit,

143 1796 148 1804 ’
216 1808 251 1856 v.
265 1809 297 1872 g.
315 1785 346 1849 si
363 1807 425 1865 ea,
446 1806 532 1873 qrtpe
556 1795 606 1853 est
621 1785 668 1861 {iu
690 1798 723 1852 te
741 1798 801 1851 ant
823 1785 871 1850 eis
894 1784 1046 1872 eugenii,
1071 1796 1137 1854 aut
1161 1785 1191 1849 is
1213 1783 1263 1848 di-

218 1871 321 1939 cendi
334 1871 445 1962 lepos:
477 1879 532 1933 aut
547 1892 632 1958 opus
647 1883 696 1936 est
712 1872 862 1960 priorem
883 1868 1157 1937 coniunctionem
1171 1869 1264 1934 reliu-

220 1979 340 2047 quere,
363 1977 394 2020 v.
412 1978 444 2047 g.
462 1955 494 2019 si
508 1978 568 2035 ee,
612 1979 677 2021 uae
703 1956 813 2020 estin
836 1967 869 2019 te
894 1956 942 2020 ris
968 1954 1105 2047 ingenii
1133 1965 1195 2020 ant
1216 1952 1264 2018 di-

220 2042 322 2109 centii
339 2042 459 2129 lepos.
484 2041 527 2104 At
543 2040 571 2104 si
587 1980 675 2106 iiicas
691 2042 724 2105 ci
735 2063 778 2121 ee
796 2062 882 2126 quae
903 2052 952 2106 est
968 2040 1053 2105 irate
1070 2052 1135 2110 aar
1147 2041 1200 2105 'ris
1215 2041 1264 2104 iu-

248 2127 318 2194 enii
335 2138 395 2191 out
413 2123 551 2190 dicendi
573 2112 878 2215 lepos,‘''s“t†‹iecum
900 2131 981 2191 est.“
1022 2125 1074 2190 Ita
1095 2126 1263 2191 Noiteuius

219 2237 258 2284 ru
285 2206 458 2300 Sup'pl‘eni.
505 2256 514 2275 .
540 2211 592 2277 85.
637 2214 757 2278 Caussa
780 2211 877 2276 huius
901 2211 1145 2278 observationis
1170 2213 1205 2277 iu
1231 2233 1263 2276 eo

221 2300 384 2379 cernitur,
406 2233 502 2384 quod)
512 2318 572 2386 per
588 2309 650 2367 aut
665 2333 706 2348 -
723 2307 786 2361 out
805 2296 1264 2394 totumpiiqplssdacotnplecti·

219 2407 314 2459 mur,
338 2393 370 2446 et
395 2381 567 2465 utriusque
589 2383 692 2462 partis
715 2369 893 2481 pequal'effi‘
909 2392 1061 2530 impigris
1086 2392 1262 2448 rationem:

982 2515 993 2550 1

220 2491 284 2556 per
303 2464 764 2553 simpler‘unrscbsn't'ffi‘ffiu's
786 2455 958 2558 aiiffd'isu'i

221 2555 329 2622 vicem
345 2549 564 2617 conferentes.
843 2626 845 2631 .

304 2643 336 2702 3.
366 2638 540 2702 Coniuuet‘
581 2642 610 2704 si
625 2655 709 2727 quae
722 2637 844 2704 iterum
863 2638 1018 2725 ponenda
1041 2651 1092 2704 est
1119 2662 1199 2706 cum
1221 2640 1263 2705 al-

223 2735 296 2789 tero
314 2734 386 2798 aut,
411 2712 523 2809 poiest
540 2746 577 2788 ea
595 2725 708 2789 locum
724 2732 864 2797 mutare,
878 2734 975 2810 atque
991 2725 1093 2790 etiam
1109 2727 1221 2808 omitti
1234 2749 1264 2791 ea

223 2809 372 2888 ratione,
393 2829 457 2893 qua
472 2831 506 2894 p.
523 2814 576 2872 74.
592 2833 664 2874 eam
680 2808 823 2874 diximus
840 2809 971 2896 utrique
984 2812 1074 2898 parti
1091 2812 1264 2900 praemitti.

225 2891 278 2962 Gi.
294 2893 456 2959 Goerenz.
473 2893 513 2957 ad
532 2894 600 2959 Cic.
615 2895 716 2960 Acad.
732 2901 772 2977 2,
794 2898 845 2961 17.
868 2916 902 2982 p.
920 2900 992 2960 100.

326 3013 384 3065 Lir.
401 3013 427 3072 2,
444 3009 488 3077 27,
505 3014 532 3069 2.
549 3012 745 3086 postulabunt,
763 3024 797 3067 'ut
813 3025 865 3067 cut
880 3011 998 3085 referret
1014 3016 1054 3071 ud
1070 3029 1209 3093 sapatum,
1223 3028 1265 3072 aut

290 3108 326 3154 ut
342 3095 452 3153 auxilio
475 3108 548 3153 esset
565 3099 663 3153 consul
682 3097 786 3152 civibus
800 3102 875 3167 suis,
894 3103 1046 3171 imperator
1062 3103 1210 3158 militibus.
1228 3102 1265 3154 ubi

293 3182 444 3235 Gronovius
466 3201 605 3252 perperam
631 3185 737 3236 sustulit
763 3185 948 3250 disiunctivas,
974 3187 1067 3255 quibus
1093 3191 1222 3243 relationi
1238 3189 1265 3240 sd

292 3277 409 3320 senatum
428 3267 565 3320 faciendae
583 3278 669 3331 totum
685 3270 851 3339 imperatoris
868 3269 984 3322 officium
1000 3275 1155 3341 opponitur.

1016 2478 1203 2561 utrumque
1217 2470 1263 2534 iu·

325 3370 380 3422 (iic.
396 3389 423 3439 p.
439 3370 542 3422 cluent.
563 3369 614 3436 14,
632 3371 677 3424 42.
702 3371 752 3426 sed
776 3391 859 3446 quum
883 3385 954 3429 esset
972 3372 1039 3429 daec
1057 3376 1106 3430 illi
1121 3381 1267 3457 proposita

217 3466 220 3472 ·
294 3453 419 3508 conditio
429 3491 438 3518 ,
457 3463 488 3506 ut
505 3465 555 3507 aut
574 3458 646 3514 iuste
662 3457 762 3531 pieque
783 3469 937 3522 accusaret,
955 3470 1005 3513 aut
1025 3462 1122 3518 acerbe
1148 3465 1268 3536 indigue·

294 3556 347 3612 qne
361 3549 521 3593 moreretur.

328 3641 383 3692 Cic.
402 3641 437 3693 de
455 3642 514 3694 rin.
533 3641 635 3711 1,10‚
656 3643 702 3698 33.
727 3647 821 3720 itaque
840 3667 934 3704 aarum
959 3648 1048 3706 rerum
1065 3650 1112 3706 irie
1130 3638 1238 3710 tenetur
1252 3672 1269 3707 a

293 3729 422 3797 sapiente
446 3723 585 3796 delectus,
620 3740 651 3784 ut
673 3743 724 3789 aut
745 3733 901 3790 reiiciendis
929 3735 1127 3808 uoluptatibus
1155 3742 1270 3795 maiores

293 3809 369 3877 alias
395 3821 597 3881 consequatur,
622 3826 673 3868 aut
696 3812 879 3890 perferendis·
890 3816 1035 3876 doloribus
1058 3826 1218 3893 asperiores
1234 3842 1269 3878 re·

293 3893 395 3968 pellat.
436 3897 582 3965 Wopkens.
611 3900 685 3952 Lect.
710 3903 779 3953 Tull.
806 3921 833 3974 p.
857 3901 901 3969 83.
931 3905 1009 3976 (46.)
1035 3908 1158 3960 defendit
1178 3921 1227 3964 eut
1241 3920 1271 3962 ut

288 3983 372 4036 reiis.
391 3980 462 4049 qnod
482 3980 505 4030 si
521 3984 677 4051 probemus,
701 4004 800 4039 sensns
811 3987 880 4051 erit,
906 4000 936 4041 ut
958 3980 1061 4061 sepiens
1079 3993 1214 4048 delectum
1230 3997 1272 4048 ia·

297 4066 350 4120 ciat
364 4066 394 4117 iu
405 4065 536 4118 diversum
553 4079 581 4120 et
597 4069 755 4138 peculiarem
771 4071 857 4124 finem.
875 4074 925 4127 Per
941 4084 972 4128 ut
988 4087 1039 4131 aut
1053 4103 1089 4119 ·-
1105 4090 1160 4134 aut
1174 4083 1273 4134 utrius-

296 4170 347 4224 que
366 4150 425 4206 fiuis
446 4151 580 4206 commuue
605 4171 662 4209 esse
681 4156 821 4212 considium
836 4157 976 4214 indam.
1008 4163 1089 4219 Aced.
1105 4165 1148 4235 2,'
1161 4166 1214 4237 17,
1230 4166 1273 4224 51.
