<?xml version="1.0" encoding="UTF-8"?>
<!DOCTYPE html PUBLIC "-//W3C//DTD XHTML 1.0 Transitional//EN"
    "http://www.w3.org/TR/xhtml1/DTD/xhtml1-transitional.dtd">
<html xmlns="http://www.w3.org/1999/xhtml" xml:lang="en" lang="en">
 <head>
  <title>
</title>
<meta http-equiv="Content-Type" content="text/html;charset=utf-8" />
  <meta name='ocr-system' content='tesseract 3.04.00' />
  <meta name='ocr-capabilities' content='ocr_page ocr_carea ocr_par ocr_line ocrx_word'/>
</head>
<body>
  <div class='ocr_page' id='page_1' title='image "./tursellinusseud03handgoog_0084.png"; bbox 0 0 2618 4770; ppageno 0'>
   <div class='ocr_carea' id='block_1_1' title="bbox 500 319 1183 403">
    <p class='ocr_par' dir='ltr' id='par_1_1' title="bbox 500 319 1183 403">
     <span class='ocr_line' id='line_1_1' title="bbox 500 319 1183 403; baseline 0.006 -20"><span class='ocrx_word' id='word_1_1' title='bbox 500 321 546 398; x_wconf 81' lang='lat' dir='ltr'>t,</span> <span class='ocrx_word' id='word_1_2' title='bbox 589 321 677 402; x_wconf 75' lang='grc' dir='ltr'>ΑΒ,</span> <span class='ocrx_word' id='word_1_3' title='bbox 705 319 796 385; x_wconf 78' lang='lat' dir='ltr'>ABS.</span> <span class='ocrx_word' id='word_1_4' title='bbox 1113 333 1159 403; x_wconf 65' lang='lat'>⁸57</span> <span class='ocrx_word' id='word_1_5' title='bbox 1176 374 1183 387; x_wconf 85' lang='lat'>..</span> 
     </span>
    </p>
   </div>
   <div class='ocr_carea' id='block_1_2' title="bbox 96 434 1158 545">
    <p class='ocr_par' dir='ltr' id='par_1_2' title="bbox 96 434 1158 545">
     <span class='ocr_line' id='line_1_2' title="bbox 96 434 1158 545; baseline 0.008 -25"><span class='ocrx_word' id='word_1_6' title='bbox 96 479 108 526; x_wconf 61' lang='lat' dir='ltr'>i</span> <span class='ocrx_word' id='word_1_7' title='bbox 148 434 156 519; x_wconf 26' lang='lat'>&lt;¹</span> <span class='ocrx_word' id='word_1_8' title='bbox 216 473 293 522; x_wconf 86' lang='lat' dir='ltr'>Varro</span> <span class='ocrx_word' id='word_1_9' title='bbox 315 471 385 539; x_wconf 82' lang='lat' dir='ltr'>apud</span> <span class='ocrx_word' id='word_1_10' title='bbox 409 471 525 529; x_wconf 78' lang='lat' dir='ltr'>Nonium</span> <span class='ocrx_word' id='word_1_11' title='bbox 549 476 630 526; x_wconf 87' lang='lat' dir='ltr'>Marc.</span> <span class='ocrx_word' id='word_1_12' title='bbox 650 450 697 536; x_wconf 77' lang='grc'>14,</span> <span class='ocrx_word' id='word_1_13' title='bbox 718 473 761 529; x_wconf 84' lang='grc'><strong>37.</strong></span> <span class='ocrx_word' id='word_1_14' title='bbox 784 493 869 545; x_wconf 85' lang='lat' dir='ltr'>neque</span> <span class='ocrx_word' id='word_1_15' title='bbox 888 476 917 528; x_wconf 82' lang='lat' dir='ltr'>id</span> <span class='ocrx_word' id='word_1_16' title='bbox 935 478 970 528; x_wconf 78' lang='lat' dir='ltr'>al»</span> <span class='ocrx_word' id='word_1_17' title='bbox 989 480 1079 534; x_wconf 80' lang='lat' dir='ltr'>orbita</span> <span class='ocrx_word' id='word_1_18' title='bbox 1102 503 1158 536; x_wconf 68' lang='lat' dir='ltr'>nic.</span> 
     </span>
    </p>
   </div>
   <div class='ocr_carea' id='block_1_3' title="bbox 92 628 1158 796">
    <p class='ocr_par' dir='ltr' id='par_1_3' title="bbox 92 628 1158 796">
     <span class='ocr_line' id='line_1_3' title="bbox 92 628 1157 714; baseline 0.01 -21"><span class='ocrx_word' id='word_1_19' title='bbox 92 668 96 697; x_wconf 68' lang='lat'>2</span> <span class='ocrx_word' id='word_1_20' title='bbox 187 653 257 711; x_wconf 83' lang='lat' dir='ltr'>opto,</span> <span class='ocrx_word' id='word_1_21' title='bbox 279 628 407 714; x_wconf 78' lang='lat' dir='ltr'>quisquis¹</span> <span class='ocrx_word' id='word_1_22' title='bbox 428 640 464 695; x_wconf 79' lang='lat' dir='ltr'>ab</span> <span class='ocrx_word' id='word_1_23' title='bbox 489 654 590 696; x_wconf 77' lang='lat' dir='ltr'>eventu</span> <span class='ocrx_word' id='word_1_24' title='bbox 607 641 696 714; x_wconf 70' lang='lat' dir='ltr'>facta</span> <span class='ocrx_word' id='word_1_25' title='bbox 719 644 845 696; x_wconf 81' lang='lat' dir='ltr'>notanda</span> <span class='ocrx_word' id='word_1_26' title='bbox 862 657 953 712; x_wconf 84' lang='lat' dir='ltr'>putat.</span> <span class='ocrx_word' id='word_1_27' title='bbox 977 651 995 700; x_wconf 89' lang='lat' dir='ltr'>i.</span> <span class='ocrx_word' id='word_1_28' title='bbox 1013 671 1035 701; x_wconf 89' lang='lat' dir='ltr'>e.</span> <span class='ocrx_word' id='word_1_29' title='bbox 1062 673 1157 705; x_wconf 87' lang='lat' dir='ltr'>secun-</span> 
     </span>
     <span class='ocr_line' id='line_1_4' title="bbox 188 722 1158 796; baseline 0.012 -18"><span class='ocrx_word' id='word_1_30' title='bbox 188 728 233 778; x_wconf 86' lang='lat' dir='ltr'>lum</span> <span class='ocrx_word' id='word_1_31' title='bbox 258 739 398 791; x_wconf 80' lang='lat' dir='ltr'>eventurn,</span> <span class='ocrx_word' id='word_1_32' title='bbox 432 728 503 796; x_wconf 91' lang='lat' dir='ltr'>quod</span> <span class='ocrx_word' id='word_1_33' title='bbox 525 729 604 791; x_wconf 76' lang='lat' dir='ltr'>etiam</span> <span class='ocrx_word' id='word_1_34' title='bbox 626 722 722 780; x_wconf 83' lang='lat' dir='ltr'>dicitur</span> <span class='ocrx_word' id='word_1_35' title='bbox 743 747 777 780; x_wconf 79' lang='lat' dir='ltr'>ex</span> <span class='ocrx_word' id='word_1_36' title='bbox 800 741 910 785; x_wconf 80' lang='lat' dir='ltr'>eventu.</span> <span class='ocrx_word' id='word_1_37' title='bbox 944 735 1067 786; x_wconf 83' lang='lat' dir='ltr'>Heinsius</span> <span class='ocrx_word' id='word_1_38' title='bbox 1091 740 1158 791; x_wconf 86' lang='lat' dir='ltr'>male</span> 
     </span>
    </p>
   </div>
   <div class='ocr_carea' id='block_1_4' title="bbox 187 814 971 931">
    <p class='ocr_par' dir='ltr' id='par_1_4' title="bbox 187 814 971 931">
     <span class='ocr_line' id='line_1_5' title="bbox 187 814 822 883; baseline 0.003 -19"><span class='ocrx_word' id='word_1_39' title='bbox 187 814 298 882; x_wconf 83' lang='lat' dir='ltr'>explicuit</span> <span class='ocrx_word' id='word_1_40' title='bbox 314 823 375 881; x_wconf 89' lang='lat' dir='ltr'>post</span> <span class='ocrx_word' id='word_1_41' title='bbox 390 824 529 876; x_wconf 84' lang='lat' dir='ltr'>eventum,</span> <span class='ocrx_word' id='word_1_42' title='bbox 550 815 648 883; x_wconf 80' lang='lat' dir='ltr'>rectins</span> <span class='ocrx_word' id='word_1_43' title='bbox 666 815 822 882; x_wconf 86' lang='lat' dir='ltr'>Leunepius.</span> 
     </span>
     <span class='ocr_line' id='line_1_6' title="bbox 965 896 971 931; baseline 0 0"><span class='ocrx_word' id='word_1_44' title='bbox 965 896 971 931; x_wconf 73' lang='lat' dir='ltr'>i</span> 
     </span>
    </p>
   </div>
   <div class='ocr_carea' id='block_1_5' title="bbox 92 937 1158 1364">
    <p class='ocr_par' dir='ltr' id='par_1_5' title="bbox 92 937 1158 1364">
     <span class='ocr_line' id='line_1_7' title="bbox 92 937 1157 1034; baseline 0.009 -33"><span class='ocrx_word' id='word_1_45' title='bbox 92 1012 106 1019; x_wconf 87' lang='lat'>..</span> <span class='ocrx_word' id='word_1_46' title='bbox 192 939 254 1002; x_wconf 89' lang='lat' dir='ltr'>Nee</span> <span class='ocrx_word' id='word_1_47' title='bbox 278 937 561 1025; x_wconf 78' lang='lat' dir='ltr'>repugnabimus,</span> <span class='ocrx_word' id='word_1_48' title='bbox 593 941 621 1002; x_wconf 92' lang='lat' dir='ltr'>si</span> <span class='ocrx_word' id='word_1_49' title='bbox 647 941 718 1024; x_wconf 92' lang='lat' dir='ltr'>quis</span> <span class='ocrx_word' id='word_1_50' title='bbox 746 941 779 1003; x_wconf 92' lang='lat' dir='ltr'>in</span> <span class='ocrx_word' id='word_1_51' title='bbox 797 938 865 1004; x_wconf 91' lang='lat' dir='ltr'>aliis</span> <span class='ocrx_word' id='word_1_52' title='bbox 883 938 965 1006; x_wconf 87' lang='lat' dir='ltr'>loeis</span> <span class='ocrx_word' id='word_1_53' title='bbox 984 950 1157 1034; x_wconf 89' lang='lat' dir='ltr'>praeposi-</span> 
     </span>
     <span class='ocr_line' id='line_1_8' title="bbox 135 1023 1156 1112; baseline 0.013 -28"><span class='ocrx_word' id='word_1_54' title='bbox 135 1023 231 1089; x_wconf 85' lang='lat' dir='ltr'>tionem</span> <span class='ocrx_word' id='word_1_55' title='bbox 255 1025 470 1111; x_wconf 78' lang='lat' dir='ltr'>explicaverit</span> <span class='ocrx_word' id='word_1_56' title='bbox 517 1047 553 1088; x_wconf 91' lang='lat' dir='ltr'>er</span> <span class='ocrx_word' id='word_1_57' title='bbox 570 1025 688 1104; x_wconf 87' lang='lat' dir='ltr'>verba,</span> <span class='ocrx_word' id='word_1_58' title='bbox 726 1027 815 1112; x_wconf 76' lang='lat' dir='ltr'>qried</span> <span class='ocrx_word' id='word_1_59' title='bbox 826 1029 1000 1112; x_wconf 74' lang='lat' dir='ltr'>pertinet,</span> <span class='ocrx_word' id='word_1_60' title='bbox 1032 1034 1156 1097; x_wconf 78' lang='lat' dir='ltr'>attinet</span> 
     </span>
     <span class='ocr_line' id='line_1_9' title="bbox 130 1048 1158 1204; baseline 0.011 -33"><span class='ocrx_word' id='word_1_61' title='bbox 130 1108 177 1179; x_wconf 83' lang='lat' dir='ltr'>cd,</span> <span class='ocrx_word' id='word_1_62' title='bbox 191 1133 256 1195; x_wconf 85' lang='lat' dir='ltr'>pro</span> <span class='ocrx_word' id='word_1_63' title='bbox 275 1120 393 1195; x_wconf 81' lang='lat' dir='ltr'>parte.</span> <span class='ocrx_word' id='word_1_64' title='bbox 438 1048 629 1189; x_wconf 70' lang='lat' dir='ltr'>serlione,</span> <span class='ocrx_word' id='word_1_65' title='bbox 659 1113 686 1173; x_wconf 90' lang='lat' dir='ltr'>si</span> <span class='ocrx_word' id='word_1_66' title='bbox 710 1122 798 1174; x_wconf 85' lang='lat' dir='ltr'>reete</span> <span class='ocrx_word' id='word_1_67' title='bbox 818 1112 1004 1184; x_wconf 76' lang='lat' dir='ltr'>observavi,</span> <span class='ocrx_word' id='word_1_68' title='bbox 1027 1141 1158 1204; x_wconf 87' lang='lat' dir='ltr'>semper</span> 
     </span>
     <span class='ocr_line' id='line_1_10' title="bbox 125 1195 1157 1284; baseline 0.012 -28"><span class='ocrx_word' id='word_1_69' title='bbox 125 1216 165 1256; x_wconf 85' lang='lat' dir='ltr'>res</span> <span class='ocrx_word' id='word_1_70' title='bbox 186 1195 235 1258; x_wconf 84' lang='lat' dir='ltr'>vel</span> <span class='ocrx_word' id='word_1_71' title='bbox 262 1195 481 1272; x_wconf 79' lang='lat' dir='ltr'>consideratio</span> <span class='ocrx_word' id='word_1_72' title='bbox 505 1195 649 1260; x_wconf 87' lang='lat' dir='ltr'>refertur</span> <span class='ocrx_word' id='word_1_73' title='bbox 669 1199 709 1260; x_wconf 93' lang='lat' dir='ltr'>ad</span> <span class='ocrx_word' id='word_1_74' title='bbox 728 1219 929 1284; x_wconf 88' lang='lat' dir='ltr'>personam,</span> <span class='ocrx_word' id='word_1_75' title='bbox 960 1202 1011 1265; x_wconf 85' lang='lat' dir='ltr'>vel</span> <span class='ocrx_word' id='word_1_76' title='bbox 1029 1203 1067 1266; x_wconf 84' lang='lat' dir='ltr'>ad</span> <span class='ocrx_word' id='word_1_77' title='bbox 1085 1226 1157 1268; x_wconf 86' lang='lat' dir='ltr'>rem</span> 
     </span>
     <span class='ocr_line' id='line_1_11' title="bbox 125 1281 424 1364; baseline 0.003 -22"><span class='ocrx_word' id='word_1_78' title='bbox 125 1302 246 1364; x_wconf 88' lang='lat' dir='ltr'>persona</span> <span class='ocrx_word' id='word_1_79' title='bbox 261 1281 424 1346; x_wconf 87' lang='lat' dir='ltr'>indutam.</span> 
     </span>
    </p>
   </div>
   <div class='ocr_carea' id='block_1_6' title="bbox 210 1389 1270 1476">
    <p class='ocr_par' dir='ltr' id='par_1_6' title="bbox 210 1389 1270 1476">
     <span class='ocr_line' id='line_1_12' title="bbox 210 1389 1270 1476; baseline 0.008 -25"><span class='ocrx_word' id='word_1_80' title='bbox 210 1401 262 1453; x_wconf 86' lang='lat' dir='ltr'>Cic.</span> <span class='ocrx_word' id='word_1_81' title='bbox 283 1401 312 1450; x_wconf 87' lang='lat' dir='ltr'>in</span> <span class='ocrx_word' id='word_1_82' title='bbox 327 1401 379 1452; x_wconf 89' lang='lat' dir='ltr'>Pis.</span> <span class='ocrx_word' id='word_1_83' title='bbox 397 1398 440 1461; x_wconf 82' lang='lat'>40,</span> <span class='ocrx_word' id='word_1_84' title='bbox 460 1398 504 1450; x_wconf 85' lang='lat'>96.</span> <span class='ocrx_word' id='word_1_85' title='bbox 517 1417 619 1450; x_wconf 83' lang='lat' dir='ltr'>omnes</span> <span class='ocrx_word' id='word_1_86' title='bbox 643 1404 802 1455; x_wconf 85' lang='lat' dir='ltr'>memoriam</span> <span class='ocrx_word' id='word_1_87' title='bbox 821 1403 983 1457; x_wconf 81' lang='lat' dir='ltr'>consulatus</span> <span class='ocrx_word' id='word_1_88' title='bbox 999 1409 1047 1467; x_wconf 85' lang='lat' dir='ltr'>tui,</span> <span class='ocrx_word' id='word_1_89' title='bbox 1060 1389 1157 1476; x_wconf 77' lang='lat' dir='ltr'>faetd,</span> <span class='ocrx_word' id='word_1_90' title='bbox 1224 1419 1229 1435; x_wconf 68' lang='lat'>²</span> <span class='ocrx_word' id='word_1_91' title='bbox 1259 1415 1270 1431; x_wconf 73' lang='lat'><em>&#39;</em></span> 
     </span>
    </p>
   </div>
   <div class='ocr_carea' id='block_1_7' title="bbox 175 1481 1233 1647">
    <p class='ocr_par' dir='ltr' id='par_1_7' title="bbox 175 1481 1233 1647">
     <span class='ocr_line' id='line_1_13' title="bbox 175 1481 1233 1557; baseline 0.007 -21"><span class='ocrx_word' id='word_1_92' title='bbox 175 1503 271 1549; x_wconf 85' lang='lat' dir='ltr'>mores,</span> <span class='ocrx_word' id='word_1_93' title='bbox 284 1481 392 1553; x_wconf 81' lang='lat' dir='ltr'>faciem</span> <span class='ocrx_word' id='word_1_94' title='bbox 411 1483 529 1555; x_wconf 83' lang='lat' dir='ltr'>denique</span> <span class='ocrx_word' id='word_1_95' title='bbox 545 1503 578 1535; x_wconf 87' lang='lat' dir='ltr'>ac</span> <span class='ocrx_word' id='word_1_96' title='bbox 595 1502 693 1538; x_wconf 87' lang='lat' dir='ltr'>nomen</span> <span class='ocrx_word' id='word_1_97' title='bbox 707 1507 724 1536; x_wconf 88' lang='lat' dir='ltr'>a</span> <span class='ocrx_word' id='word_1_98' title='bbox 742 1485 885 1556; x_wconf 82' lang='lat' dir='ltr'>republica</span> <span class='ocrx_word' id='word_1_99' title='bbox 902 1489 1084 1553; x_wconf 73' lang='lat' dir='ltr'>detestantur.</span> <span class='ocrx_word' id='word_1_100' title='bbox 1100 1496 1156 1544; x_wconf 85' lang='lat' dir='ltr'>lloe</span> <span class='ocrx_word' id='word_1_101' title='bbox 1227 1540 1233 1557; x_wconf 79' lang='lat'>.</span> 
     </span>
     <span class='ocr_line' id='line_1_14' title="bbox 176 1570 658 1647; baseline -0.012 -24"><span class='ocrx_word' id='word_1_102' title='bbox 176 1583 211 1623; x_wconf 81' lang='lat' dir='ltr'>est</span> <span class='ocrx_word' id='word_1_103' title='bbox 226 1571 438 1647; x_wconf 78' lang='lat' dir='ltr'>prosopopoeiae</span> <span class='ocrx_word' id='word_1_104' title='bbox 455 1570 610 1636; x_wconf 80' lang='lat' dir='ltr'>exernplum.</span> <span class='ocrx_word' id='word_1_105' title='bbox 656 1591 658 1594; x_wconf 52' lang='lat'><em>⁴</em></span> 
     </span>
    </p>
   </div>
   <div class='ocr_carea' id='block_1_8' title="bbox 93 1669 1184 2672">
    <p class='ocr_par' dir='ltr' id='par_1_8' title="bbox 176 1669 1157 1912">
     <span class='ocr_line' id='line_1_15' title="bbox 206 1669 1157 1746; baseline 0.004 -22"><span class='ocrx_word' id='word_1_106' title='bbox 206 1674 292 1725; x_wconf 87' lang='lat' dir='ltr'>Plaut.</span> <span class='ocrx_word' id='word_1_107' title='bbox 318 1675 392 1724; x_wconf 85' lang='lat' dir='ltr'>Cure.</span> <span class='ocrx_word' id='word_1_108' title='bbox 414 1674 446 1732; x_wconf 90' lang='lat'>1,</span> <span class='ocrx_word' id='word_1_109' title='bbox 468 1669 561 1733; x_wconf 81' lang='grc'><strong>1,51.</strong></span> <span class='ocrx_word' id='word_1_110' title='bbox 586 1684 644 1724; x_wconf 83' lang='lat' dir='ltr'>tam</span> <span class='ocrx_word' id='word_1_111' title='bbox 666 1692 684 1722; x_wconf 91' lang='lat' dir='ltr'>c</span> <span class='ocrx_word' id='word_1_112' title='bbox 707 1692 750 1725; x_wconf 77' lang='lat' dir='ltr'>nse</span> <span class='ocrx_word' id='word_1_113' title='bbox 772 1672 876 1741; x_wconf 81' lang='lat' dir='ltr'>podica</span> <span class='ocrx_word' id='word_1_114' title='bbox 896 1687 955 1735; x_wconf 81' lang='lat' dir='ltr'>est,</span> <span class='ocrx_word' id='word_1_115' title='bbox 982 1680 1063 1746; x_wconf 86' lang='lat' dir='ltr'>quasi</span> <span class='ocrx_word' id='word_1_116' title='bbox 1079 1695 1157 1728; x_wconf 86' lang='lat' dir='ltr'>soror</span> 
     </span>
     <span class='ocr_line' id='line_1_16' title="bbox 179 1756 1156 1824; baseline 0.006 -16"><span class='ocrx_word' id='word_1_117' title='bbox 179 1777 232 1810; x_wconf 80' lang='lat' dir='ltr'>mee</span> <span class='ocrx_word' id='word_1_118' title='bbox 260 1760 306 1810; x_wconf 79' lang='lat' dir='ltr'>sic.</span> <span class='ocrx_word' id='word_1_119' title='bbox 345 1759 462 1817; x_wconf 87' lang='lat' dir='ltr'>Quocum</span> <span class='ocrx_word' id='word_1_120' title='bbox 483 1757 598 1807; x_wconf 84' lang='lat' dir='ltr'>conferri</span> <span class='ocrx_word' id='word_1_121' title='bbox 622 1767 711 1824; x_wconf 88' lang='lat' dir='ltr'>potest</span> <span class='ocrx_word' id='word_1_122' title='bbox 736 1759 853 1808; x_wconf 80' lang='lat' dir='ltr'>Catullus</span> <span class='ocrx_word' id='word_1_123' title='bbox 876 1758 926 1819; x_wconf 82' lang='lat'>15,</span> <span class='ocrx_word' id='word_1_124' title='bbox 954 1756 978 1809; x_wconf 84' lang='lat'>5.</span> <span class='ocrx_word' id='word_1_125' title='bbox 1013 1779 1156 1814; x_wconf 81' lang='lat' dir='ltr'>conserues</span> 
     </span>
     <span class='ocr_line' id='line_1_17' title="bbox 176 1840 1154 1912; baseline 0.002 -17"><span class='ocrx_word' id='word_1_126' title='bbox 176 1850 288 1912; x_wconf 77' lang='lat' dir='ltr'>puerum</span> <span class='ocrx_word' id='word_1_127' title='bbox 314 1840 382 1893; x_wconf 76' lang='lat' dir='ltr'>milri</span> <span class='ocrx_word' id='word_1_128' title='bbox 407 1841 523 1910; x_wconf 79' lang='lat' dir='ltr'>pudice,</span> <span class='ocrx_word' id='word_1_129' title='bbox 551 1859 607 1892; x_wconf 79' lang='lat' dir='ltr'>non</span> <span class='ocrx_word' id='word_1_130' title='bbox 632 1841 694 1893; x_wconf 87' lang='lat' dir='ltr'>dico</span> <span class='ocrx_word' id='word_1_131' title='bbox 721 1861 739 1892; x_wconf 89' lang='lat' dir='ltr'>a</span> <span class='ocrx_word' id='word_1_132' title='bbox 757 1841 876 1911; x_wconf 84' lang='lat' dir='ltr'>populo.</span> <span class='ocrx_word' id='word_1_133' title='bbox 903 1860 1056 1910; x_wconf 89' lang='lat' dir='ltr'>quamquam</span> <span class='ocrx_word' id='word_1_134' title='bbox 1076 1848 1154 1898; x_wconf 87' lang='lat' dir='ltr'>etiam</span> 
     </span>
    </p>

    <p class='ocr_par' dir='ltr' id='par_1_9' title="bbox 93 1925 1184 2415">
     <span class='ocr_line' id='line_1_18' title="bbox 93 1925 1157 2000; baseline 0.008 -22"><span class='ocrx_word' id='word_1_135' title='bbox 93 1934 98 1945; x_wconf 95' lang='lat'>&#39;</span> <span class='ocrx_word' id='word_1_136' title='bbox 176 1927 332 1979; x_wconf 77' lang='lat' dir='ltr'>defendendi</span> <span class='ocrx_word' id='word_1_137' title='bbox 354 1927 428 1976; x_wconf 87' lang='lat' dir='ltr'>notio</span> <span class='ocrx_word' id='word_1_138' title='bbox 451 1928 547 1978; x_wconf 89' lang='lat' dir='ltr'>subest.</span> <span class='ocrx_word' id='word_1_139' title='bbox 584 1927 641 1982; x_wconf 86' lang='lat' dir='ltr'>Cic.</span> <span class='ocrx_word' id='word_1_140' title='bbox 661 1927 694 1976; x_wconf 85' lang='lat' dir='ltr'>ad</span> <span class='ocrx_word' id='word_1_141' title='bbox 716 1929 787 1977; x_wconf 86' lang='lat' dir='ltr'>Fam.</span> <span class='ocrx_word' id='word_1_142' title='bbox 805 1925 840 1989; x_wconf 85' lang='lat'>5,</span> <span class='ocrx_word' id='word_1_143' title='bbox 863 1929 914 1992; x_wconf 77' lang='lat'>20,</span> <span class='ocrx_word' id='word_1_144' title='bbox 933 1927 959 1980; x_wconf 83' lang='grc'><strong>3.</strong></span> <span class='ocrx_word' id='word_1_145' title='bbox 985 1952 1001 1981; x_wconf 84' lang='lat' dir='ltr'>a</span> <span class='ocrx_word' id='word_1_146' title='bbox 1018 1948 1071 2000; x_wconf 78' lang='lat' dir='ltr'>quo</span> <span class='ocrx_word' id='word_1_147' title='bbox 1090 1932 1157 1986; x_wconf 75' lang='lat' dir='ltr'>inibi</span> 
     </span>
     <span class='ocr_line' id='line_1_19' title="bbox 177 1998 1157 2082; baseline 0.004 -17"><span class='ocrx_word' id='word_1_148' title='bbox 177 2011 354 2082; x_wconf 75' lang='lat' dir='ltr'>exploratum</span> <span class='ocrx_word' id='word_1_149' title='bbox 371 2021 432 2072; x_wconf 84' lang='lat' dir='ltr'>cst,</span> <span class='ocrx_word' id='word_1_150' title='bbox 457 2013 485 2064; x_wconf 85' lang='lat' dir='ltr'>in</span> <span class='ocrx_word' id='word_1_151' title='bbox 505 1998 660 2064; x_wconf 65' lang='lat' dir='ltr'>dationibus</span> <span class='ocrx_word' id='word_1_152' title='bbox 679 2012 828 2064; x_wconf 79' lang='lat' dir='ltr'>dumtaxat</span> <span class='ocrx_word' id='word_1_153' title='bbox 842 2008 996 2082; x_wconf 79' lang='lat' dir='ltr'>referendis</span> <span class='ocrx_word' id='word_1_154' title='bbox 1011 2015 1082 2068; x_wconf 76' lang='lat' dir='ltr'>riilul</span> <span class='ocrx_word' id='word_1_155' title='bbox 1096 2038 1157 2069; x_wconf 85' lang='lat' dir='ltr'>eum</span> 
     </span>
     <span class='ocr_line' id='line_1_20' title="bbox 172 2093 1156 2166; baseline 0.003 -17"><span class='ocrx_word' id='word_1_156' title='bbox 172 2093 275 2166; x_wconf 72' lang='lat' dir='ltr'>fecisse</span> <span class='ocrx_word' id='word_1_157' title='bbox 289 2099 442 2158; x_wconf 80' lang='lat' dir='ltr'>scientem,</span> <span class='ocrx_word' id='word_1_158' title='bbox 469 2096 544 2166; x_wconf 77' lang='lat' dir='ltr'>quod</span> <span class='ocrx_word' id='word_1_159' title='bbox 568 2108 640 2149; x_wconf 82' lang='lat' dir='ltr'>esset</span> <span class='ocrx_word' id='word_1_160' title='bbox 660 2108 757 2149; x_wconf 86' lang='lat' dir='ltr'>eontra</span> <span class='ocrx_word' id='word_1_161' title='bbox 779 2117 844 2151; x_wconf 86' lang='lat' dir='ltr'>rem.</span> <span class='ocrx_word' id='word_1_162' title='bbox 879 2098 1027 2150; x_wconf 79' lang='lat' dir='ltr'>Schellerus</span> <span class='ocrx_word' id='word_1_163' title='bbox 1052 2101 1078 2149; x_wconf 89' lang='lat' dir='ltr'>in</span> <span class='ocrx_word' id='word_1_164' title='bbox 1100 2103 1156 2152; x_wconf 82' lang='lat' dir='ltr'>ob-</span> 
     </span>
     <span class='ocr_line' id='line_1_21' title="bbox 179 2180 1184 2257; baseline 0.006 -25"><span class='ocrx_word' id='word_1_165' title='bbox 179 2202 242 2234; x_wconf 58' lang='lat' dir='ltr'>serv«</span> <span class='ocrx_word' id='word_1_166' title='bbox 256 2201 283 2250; x_wconf 89' lang='lat' dir='ltr'>p.</span> <span class='ocrx_word' id='word_1_167' title='bbox 295 2180 354 2232; x_wconf 76' lang='lat'>164.</span> <span class='ocrx_word' id='word_1_168' title='bbox 371 2201 388 2232; x_wconf 82' lang='lat' dir='ltr'>a</span> <span class='ocrx_word' id='word_1_169' title='bbox 401 2198 454 2252; x_wconf 77' lang='lat' dir='ltr'>quo</span> <span class='ocrx_word' id='word_1_170' title='bbox 468 2181 565 2230; x_wconf 88' lang='lat' dir='ltr'>dietum</span> <span class='ocrx_word' id='word_1_171' title='bbox 579 2192 710 2249; x_wconf 85' lang='lat' dir='ltr'>putatpro</span> <span class='ocrx_word' id='word_1_172' title='bbox 727 2182 761 2235; x_wconf 85' lang='lat' dir='ltr'>de</span> <span class='ocrx_word' id='word_1_173' title='bbox 776 2200 840 2253; x_wconf 84' lang='lat' dir='ltr'>quo.</span> <span class='ocrx_word' id='word_1_174' title='bbox 859 2183 992 2233; x_wconf 84' lang='lat' dir='ltr'>Ernestius</span> <span class='ocrx_word' id='word_1_175' title='bbox 1007 2185 1116 2235; x_wconf 90' lang='lat' dir='ltr'>mutavit</span> <span class='ocrx_word' id='word_1_176' title='bbox 1124 2186 1158 2238; x_wconf 82' lang='lat' dir='ltr'>de</span> <span class='ocrx_word' id='word_1_177' title='bbox 1182 2251 1184 2257; x_wconf 12' lang='grc' dir='ltr'>ἲ</span> 
     </span>
     <span class='ocr_line' id='line_1_22' title="bbox 178 2265 1158 2338; baseline 0.006 -23"><span class='ocrx_word' id='word_1_178' title='bbox 178 2284 237 2338; x_wconf 80' lang='lat' dir='ltr'>quo.</span> <span class='ocrx_word' id='word_1_179' title='bbox 272 2268 401 2319; x_wconf 87' lang='lat' dir='ltr'>Neutrum</span> <span class='ocrx_word' id='word_1_180' title='bbox 422 2265 566 2331; x_wconf 87' lang='lat' dir='ltr'>probabile.</span> <span class='ocrx_word' id='word_1_181' title='bbox 602 2267 649 2316; x_wconf 91' lang='lat' dir='ltr'>Est</span> <span class='ocrx_word' id='word_1_182' title='bbox 672 2268 756 2316; x_wconf 88' lang='lat' dir='ltr'>enim:</span> <span class='ocrx_word' id='word_1_183' title='bbox 788 2268 860 2335; x_wconf 75' lang='lat' dir='ltr'>euius</span> <span class='ocrx_word' id='word_1_184' title='bbox 882 2286 896 2316; x_wconf 92' lang='lat' dir='ltr'>a</span> <span class='ocrx_word' id='word_1_185' title='bbox 922 2279 1014 2335; x_wconf 88' lang='lat' dir='ltr'>parte,</span> <span class='ocrx_word' id='word_1_186' title='bbox 1039 2271 1109 2336; x_wconf 75' lang='lat' dir='ltr'>quod</span> <span class='ocrx_word' id='word_1_187' title='bbox 1125 2272 1158 2321; x_wconf 84' lang='lat' dir='ltr'>ad</span> 
     </span>
     <span class='ocr_line' id='line_1_23' title="bbox 179 2347 1156 2415; baseline 0.004 -13"><span class='ocrx_word' id='word_1_188' title='bbox 179 2368 232 2402; x_wconf 87' lang='lat' dir='ltr'>eum</span> <span class='ocrx_word' id='word_1_189' title='bbox 251 2351 356 2401; x_wconf 84' lang='lat' dir='ltr'>attinet.</span> <span class='ocrx_word' id='word_1_190' title='bbox 392 2349 447 2400; x_wconf 84' lang='lat' dir='ltr'>cic.</span> <span class='ocrx_word' id='word_1_191' title='bbox 470 2349 502 2400; x_wconf 87' lang='lat' dir='ltr'>de</span> <span class='ocrx_word' id='word_1_192' title='bbox 530 2353 593 2415; x_wconf 77' lang='lat' dir='ltr'>Nat.</span> <span class='ocrx_word' id='word_1_193' title='bbox 620 2352 695 2404; x_wconf 91' lang='lat' dir='ltr'>deor.</span> <span class='ocrx_word' id='word_1_194' title='bbox 717 2349 822 2414; x_wconf 64' lang='grc'><strong>2,(19,</strong></span> <span class='ocrx_word' id='word_1_195' title='bbox 846 2349 907 2404; x_wconf 73' lang='grc'><strong>125.</strong></span> <span class='ocrx_word' id='word_1_196' title='bbox 936 2353 1013 2406; x_wconf 76' lang='lat' dir='ltr'>illud</span> <span class='ocrx_word' id='word_1_197' title='bbox 1034 2347 1099 2407; x_wconf 73' lang='lat' dir='ltr'>velo</span> <span class='ocrx_word' id='word_1_198' title='bbox 1122 2353 1156 2407; x_wconf 81' lang='lat' dir='ltr'>ab</span> 
     </span>
    </p>

    <p class='ocr_par' dir='ltr' id='par_1_10' title="bbox 93 2433 1158 2672">
     <span class='ocr_line' id='line_1_24' title="bbox 93 2433 1158 2508; baseline 0.003 -20"><span class='ocrx_word' id='word_1_199' title='bbox 93 2496 95 2501; x_wconf 68' lang='lat'>,</span> <span class='ocrx_word' id='word_1_200' title='bbox 179 2433 328 2488; x_wconf 80' lang='lat' dir='ltr'>Aristotele</span> <span class='ocrx_word' id='word_1_201' title='bbox 349 2433 590 2486; x_wconf 78' lang='lat' dir='ltr'>cninrcdversum:</span> <span class='ocrx_word' id='word_1_202' title='bbox 626 2454 644 2485; x_wconf 89' lang='lat' dir='ltr'>a</span> <span class='ocrx_word' id='word_1_203' title='bbox 667 2454 720 2507; x_wconf 81' lang='lat' dir='ltr'>quo</span> <span class='ocrx_word' id='word_1_204' title='bbox 743 2436 876 2508; x_wconf 73' lang='lat' dir='ltr'>plera&#39;que</span> <span class='ocrx_word' id='word_1_205' title='bbox 908 2439 970 2507; x_wconf 86' lang='lat' dir='ltr'>quis</span> <span class='ocrx_word' id='word_1_206' title='bbox 988 2451 1083 2508; x_wconf 87' lang='lat' dir='ltr'>potest</span> <span class='ocrx_word' id='word_1_207' title='bbox 1102 2459 1158 2492; x_wconf 84' lang='lat' dir='ltr'>non</span> 
     </span>
     <span class='ocr_line' id='line_1_25' title="bbox 181 2518 1157 2609; baseline 0.006 -39"><span class='ocrx_word' id='word_1_208' title='bbox 181 2523 271 2573; x_wconf 83' lang='lat' dir='ltr'>nrirari</span> <span class='ocrx_word' id='word_1_209' title='bbox 280 2520 296 2570; x_wconf 71' lang='grc' dir='ltr'><em>ἲ</em></span> <span class='ocrx_word' id='word_1_210' title='bbox 318 2520 467 2609; x_wconf 55' lang='grc' dir='ltr'>(ξτοιιονίαε</span> <span class='ocrx_word' id='word_1_211' title='bbox 486 2521 518 2569; x_wconf 90' lang='lat' dir='ltr'>ad</span> <span class='ocrx_word' id='word_1_212' title='bbox 534 2523 588 2570; x_wconf 90' lang='lat' dir='ltr'>Liv.</span> <span class='ocrx_word' id='word_1_213' title='bbox 604 2519 657 2584; x_wconf 72' lang='grc'>27,</span> <span class='ocrx_word' id='word_1_214' title='bbox 667 2518 691 2571; x_wconf 83' lang='grc'><strong>5.</strong></span> <span class='ocrx_word' id='word_1_215' title='bbox 713 2524 841 2591; x_wconf 78' lang='lat' dir='ltr'>explicat:</span> <span class='ocrx_word' id='word_1_216' title='bbox 859 2523 930 2574; x_wconf 91' lang='lat' dir='ltr'>cuius</span> <span class='ocrx_word' id='word_1_217' title='bbox 944 2524 1078 2592; x_wconf 86' lang='lat' dir='ltr'>pleraque.</span> <span class='ocrx_word' id='word_1_218' title='bbox 1105 2528 1157 2576; x_wconf 90' lang='lat' dir='ltr'>Po-</span> 
     </span>
     <span class='ocr_line' id='line_1_26' title="bbox 178 2596 535 2672; baseline 0.003 -18"><span class='ocrx_word' id='word_1_219' title='bbox 178 2616 224 2656; x_wconf 81' lang='lat' dir='ltr'>test</span> <span class='ocrx_word' id='word_1_220' title='bbox 240 2605 319 2656; x_wconf 89' lang='lat' dir='ltr'>etiam</span> <span class='ocrx_word' id='word_1_221' title='bbox 333 2596 406 2655; x_wconf 78' lang='lat' dir='ltr'>sisse:</span> <span class='ocrx_word' id='word_1_222' title='bbox 431 2605 458 2654; x_wconf 91' lang='lat' dir='ltr'>in</span> <span class='ocrx_word' id='word_1_223' title='bbox 474 2623 535 2672; x_wconf 91' lang='lat' dir='ltr'>quo.</span> 
     </span>
    </p>
   </div>
   <div class='ocr_carea' id='block_1_9' title="bbox 94 2720 1159 3409">
    <p class='ocr_par' dir='ltr' id='par_1_11' title="bbox 192 2720 1157 2810">
     <span class='ocr_line' id='line_1_27' title="bbox 192 2720 1157 2810; baseline 0.003 -23"><span class='ocrx_word' id='word_1_224' title='bbox 192 2730 223 2787; x_wconf 78' lang='lat'>2.</span> <span class='ocrx_word' id='word_1_225' title='bbox 254 2721 308 2785; x_wconf 86' lang='lat' dir='ltr'>Ex</span> <span class='ocrx_word' id='word_1_226' title='bbox 331 2720 383 2783; x_wconf 84' lang='lat' dir='ltr'>his</span> <span class='ocrx_word' id='word_1_227' title='bbox 408 2744 486 2786; x_wconf 91' lang='lat' dir='ltr'>vero</span> <span class='ocrx_word' id='word_1_228' title='bbox 512 2721 609 2786; x_wconf 86' lang='lat' dir='ltr'>facile</span> <span class='ocrx_word' id='word_1_229' title='bbox 637 2721 714 2786; x_wconf 92' lang='lat' dir='ltr'>colli</span> <span class='ocrx_word' id='word_1_230' title='bbox 736 2725 922 2805; x_wconf 71' lang='lat' dir='ltr'>narratio,</span> <span class='ocrx_word' id='word_1_231' title='bbox 954 2745 1018 2810; x_wconf 90' lang='lat' dir='ltr'>qua</span> <span class='ocrx_word' id='word_1_232' title='bbox 1033 2746 1157 2791; x_wconf 90' lang='lat' dir='ltr'>nemen</span> 
     </span>
    </p>

    <p class='ocr_par' dir='ltr' id='par_1_12' title="bbox 94 2746 1158 3164">
     <span class='ocr_line' id='line_1_28' title="bbox 94 2746 1157 2921; baseline 0.012 -58"><span class='ocrx_word' id='word_1_233' title='bbox 94 2844 98 2921; x_wconf 61' lang='grc' dir='ltr'>Ι</span> <span class='ocrx_word' id='word_1_234' title='bbox 135 2827 195 2873; x_wconf 81' lang='lat' dir='ltr'>rum</span> <span class='ocrx_word' id='word_1_235' title='bbox 207 2809 452 2896; x_wconf 85' lang='lat' dir='ltr'>praepositione</span> <span class='ocrx_word' id='word_1_236' title='bbox 473 2827 517 2873; x_wconf 80' lang='grc' dir='ltr'>ΑΒ</span> <span class='ocrx_word' id='word_1_237' title='bbox 545 2809 662 2872; x_wconf 85' lang='lat' dir='ltr'>addere</span> <span class='ocrx_word' id='word_1_238' title='bbox 685 2746 793 2872; x_wconf 65' lang='lat' dir='ltr'>soient</span> <span class='ocrx_word' id='word_1_239' title='bbox 824 2833 895 2873; x_wconf 89' lang='lat' dir='ltr'>non</span> <span class='ocrx_word' id='word_1_240' title='bbox 917 2821 1047 2873; x_wconf 87' lang='lat' dir='ltr'>tantum</span> <span class='ocrx_word' id='word_1_241' title='bbox 1072 2833 1157 2896; x_wconf 89' lang='lat' dir='ltr'>poe-</span> 
     </span>
     <span class='ocr_line' id='line_1_29' title="bbox 136 2893 1158 2980; baseline 0.01 -29"><span class='ocrx_word' id='word_1_242' title='bbox 136 2900 184 2971; x_wconf 81' lang='lat' dir='ltr'>tae,</span> <span class='ocrx_word' id='word_1_243' title='bbox 206 2894 264 2958; x_wconf 91' lang='lat' dir='ltr'>sed</span> <span class='ocrx_word' id='word_1_244' title='bbox 290 2893 436 2978; x_wconf 74' lang='lat' dir='ltr'>optimus</span> <span class='ocrx_word' id='word_1_245' title='bbox 461 2894 600 2980; x_wconf 88' lang='lat' dir='ltr'>quisque</span> <span class='ocrx_word' id='word_1_246' title='bbox 627 2894 773 2979; x_wconf 85' lang='lat' dir='ltr'>scriptor</span> <span class='ocrx_word' id='word_1_247' title='bbox 804 2895 987 2967; x_wconf 77' lang='lat' dir='ltr'>adjectivis,</span> <span class='ocrx_word' id='word_1_248' title='bbox 1018 2907 1055 2958; x_wconf 86' lang='lat' dir='ltr'>ut</span> <span class='ocrx_word' id='word_1_249' title='bbox 1074 2919 1158 2960; x_wconf 90' lang='lat' dir='ltr'>con—</span> 
     </span>
     <span class='ocr_line' id='line_1_30' title="bbox 135 2975 1156 3065; baseline 0.011 -30"><span class='ocrx_word' id='word_1_250' title='bbox 135 2975 268 3045; x_wconf 83' lang='lat' dir='ltr'>ditionem</span> <span class='ocrx_word' id='word_1_251' title='bbox 288 2978 434 3042; x_wconf 87' lang='lat' dir='ltr'>indicent</span> <span class='ocrx_word' id='word_1_252' title='bbox 460 2980 583 3043; x_wconf 65' lang='lat' dir='ltr'>autad</span> <span class='ocrx_word' id='word_1_253' title='bbox 609 2990 732 3042; x_wconf 83' lang='lat' dir='ltr'>certam</span> <span class='ocrx_word' id='word_1_254' title='bbox 758 2979 1156 3065; x_wconf 76' lang='lat' dir='ltr'>aliquam‘rcmrelatam,</span> 
     </span>
     <span class='ocr_line' id='line_1_31' title="bbox 135 3062 1158 3164; baseline 0.009 -42"><span class='ocrx_word' id='word_1_255' title='bbox 135 3072 172 3133; x_wconf 79' lang='lat' dir='ltr'>aut</span> <span class='ocrx_word' id='word_1_256' title='bbox 193 3087 233 3128; x_wconf 86' lang='lat' dir='ltr'>ex</span> <span class='ocrx_word' id='word_1_257' title='bbox 252 3062 389 3129; x_wconf 89' lang='lat' dir='ltr'>alieuius</span> <span class='ocrx_word' id='word_1_258' title='bbox 414 3065 463 3128; x_wconf 89' lang='lat' dir='ltr'>rei</span> <span class='ocrx_word' id='word_1_259' title='bbox 487 3076 581 3152; x_wconf 83' lang='lat' dir='ltr'>parte</span> <span class='ocrx_word' id='word_1_260' title='bbox 601 3063 823 3150; x_wconf 83' lang='lat' dir='ltr'>spectandam.</span> <span class='ocrx_word' id='word_1_261' title='bbox 866 3065 906 3130; x_wconf 90' lang='lat' dir='ltr'>ln</span> <span class='ocrx_word' id='word_1_262' title='bbox 921 3064 974 3128; x_wconf 90' lang='lat' dir='ltr'>his</span> <span class='ocrx_word' id='word_1_263' title='bbox 989 3089 1158 3164; x_wconf 79' lang='lat' dir='ltr'>gramma-</span> 
     </span>
    </p>

    <p class='ocr_par' dir='ltr' id='par_1_13' title="bbox 94 3145 1159 3409">
     <span class='ocr_line' id='line_1_32' title="bbox 94 3145 1158 3238; baseline 0.013 -35"><span class='ocrx_word' id='word_1_264' title='bbox 94 3210 96 3215; x_wconf 44' lang='lat'><em>,</em></span> <span class='ocrx_word' id='word_1_265' title='bbox 135 3145 173 3210; x_wconf 82' lang='lat' dir='ltr'>liei</span> <span class='ocrx_word' id='word_1_266' title='bbox 189 3148 470 3237; x_wconf 89' lang='lat' dir='ltr'>praepositionem</span> <span class='ocrx_word' id='word_1_267' title='bbox 494 3151 547 3214; x_wconf 90' lang='lat' dir='ltr'>vel</span> <span class='ocrx_word' id='word_1_268' title='bbox 571 3151 736 3214; x_wconf 89' lang='lat' dir='ltr'>abundare</span> <span class='ocrx_word' id='word_1_269' title='bbox 760 3151 884 3230; x_wconf 85' lang='lat' dir='ltr'>dieunt,</span> <span class='ocrx_word' id='word_1_270' title='bbox 911 3152 961 3215; x_wconf 90' lang='lat' dir='ltr'>vel</span> <span class='ocrx_word' id='word_1_271' title='bbox 977 3151 1158 3238; x_wconf 80' lang='lat' dir='ltr'>significare</span> 
     </span>
     <span class='ocr_line' id='line_1_33' title="bbox 94 3233 1158 3323; baseline 0.009 -31"><span class='ocrx_word' id='word_1_272' title='bbox 94 3302 96 3311; x_wconf 33' lang='grc' dir='ltr'>Ι</span> <span class='ocrx_word' id='word_1_273' title='bbox 133 3247 257 3319; x_wconf 68' lang='lat' dir='ltr'>prepter.</span> <span class='ocrx_word' id='word_1_274' title='bbox 302 3233 368 3297; x_wconf 89' lang='lat' dir='ltr'>Sed</span> <span class='ocrx_word' id='word_1_275' title='bbox 399 3257 465 3319; x_wconf 93' lang='lat' dir='ltr'>quo</span> <span class='ocrx_word' id='word_1_276' title='bbox 497 3245 595 3299; x_wconf 87' lang='lat' dir='ltr'>seusu</span> <span class='ocrx_word' id='word_1_277' title='bbox 615 3234 702 3299; x_wconf 59' lang='lat' dir='ltr'>&#39;haee</span> <span class='ocrx_word' id='word_1_278' title='bbox 728 3237 834 3323; x_wconf 87' lang='lat' dir='ltr'>accipi</span> <span class='ocrx_word' id='word_1_279' title='bbox 857 3237 1014 3316; x_wconf 79' lang='lat' dir='ltr'>debeant,</span> <span class='ocrx_word' id='word_1_280' title='bbox 1046 3239 1069 3302; x_wconf 91' lang='lat' dir='ltr'>ii</span> <span class='ocrx_word' id='word_1_281' title='bbox 1092 3239 1158 3302; x_wconf 88' lang='lat' dir='ltr'>loci</span> 
     </span>
     <span class='ocr_line' id='line_1_34' title="bbox 94 3316 1159 3409; baseline 0.008 -30"><span class='ocrx_word' id='word_1_282' title='bbox 94 3328 96 3335; x_wconf 89' lang='lat'>&#39;</span> <span class='ocrx_word' id='word_1_283' title='bbox 137 3316 359 3399; x_wconf 82' lang='lat' dir='ltr'>demonstrant,</span> <span class='ocrx_word' id='word_1_284' title='bbox 386 3321 419 3382; x_wconf 90' lang='lat' dir='ltr'>in</span> <span class='ocrx_word' id='word_1_285' title='bbox 447 3322 565 3406; x_wconf 91' lang='lat' dir='ltr'>quibus</span> <span class='ocrx_word' id='word_1_286' title='bbox 587 3323 657 3409; x_wconf 88' lang='lat' dir='ltr'>ipsa</span> <span class='ocrx_word' id='word_1_287' title='bbox 680 3322 760 3385; x_wconf 90' lang='lat' dir='ltr'>hacc</span> <span class='ocrx_word' id='word_1_288' title='bbox 784 3322 883 3386; x_wconf 90' lang='lat' dir='ltr'>verba</span> <span class='ocrx_word' id='word_1_289' title='bbox 906 3321 949 3385; x_wconf 84' lang='lat' dir='ltr'>ab</span> <span class='ocrx_word' id='word_1_290' title='bbox 972 3325 1038 3388; x_wconf 78' lang='lat' dir='ltr'>leuc</span> <span class='ocrx_word' id='word_1_291' title='bbox 1052 3337 1159 3408; x_wconf 73' lang='lat' dir='ltr'>prcrte</span> 
     </span>
    </p>
   </div>
   <div class='ocr_carea' id='block_1_10' title="bbox 137 3398 1274 3503">
    <p class='ocr_par' dir='ltr' id='par_1_14' title="bbox 137 3398 1274 3503">
     <span class='ocr_line' id='line_1_35' title="bbox 137 3398 1274 3503; baseline 0.011 -39"><span class='ocrx_word' id='word_1_292' title='bbox 137 3398 275 3488; x_wconf 81' lang='lat' dir='ltr'>leguntur.</span> <span class='ocrx_word' id='word_1_293' title='bbox 318 3404 448 3469; x_wconf 89' lang='lat' dir='ltr'>Eodem</span> <span class='ocrx_word' id='word_1_294' title='bbox 481 3407 585 3471; x_wconf 89' lang='lat' dir='ltr'>modo</span> <span class='ocrx_word' id='word_1_295' title='bbox 628 3409 756 3471; x_wconf 89' lang='lat' dir='ltr'>Graeci.</span> <span class='ocrx_word' id='word_1_296' title='bbox 800 3407 973 3503; x_wconf 86' lang='lat' dir='ltr'>Theocrit.</span> <span class='ocrx_word' id='word_1_297' title='bbox 1007 3414 1066 3501; x_wconf 10' lang='lat'><strong>¹16,</strong></span> <span class='ocrx_word' id='word_1_298' title='bbox 1104 3411 1156 3474; x_wconf 82' lang='lat'>49.</span> <span class='ocrx_word' id='word_1_299' title='bbox 1219 3470 1225 3475; x_wconf 89' lang='lat'>.</span> <span class='ocrx_word' id='word_1_300' title='bbox 1270 3401 1274 3405; x_wconf 51' lang='grc'><strong>’</strong></span> 
     </span>
    </p>
   </div>
   <div class='ocr_carea' id='block_1_11' title="bbox 139 3487 568 3574">
    <p class='ocr_par' dir='ltr' id='par_1_15' title="bbox 139 3487 568 3574">
     <span class='ocr_line' id='line_1_36' title="bbox 139 3487 568 3574; baseline 0 -20"><span class='ocrx_word' id='word_1_301' title='bbox 139 3493 209 3569; x_wconf 70' lang='lat' dir='ltr'>iilos</span> <span class='ocrx_word' id='word_1_302' title='bbox 229 3487 289 3556; x_wconf 77' lang='lat' dir='ltr'>dud</span> <span class='ocrx_word' id='word_1_303' title='bbox 313 3496 415 3574; x_wconf 78' lang='grc' dir='ltr'><strong><em>χροιᾶς</em></strong></span> <span class='ocrx_word' id='word_1_304' title='bbox 438 3489 568 3557; x_wconf 81' lang='grc' dir='ltr'><strong>Κύκνον.</strong></span> 
     </span>
    </p>
   </div>
   <div class='ocr_carea' id='block_1_12' title="bbox 153 3610 1159 4190">
    <p class='ocr_par' dir='ltr' id='par_1_16' title="bbox 182 3610 1159 4023">
     <span class='ocr_line' id='line_1_37' title="bbox 202 3610 1159 3685; baseline 0.001 -22"><span class='ocrx_word' id='word_1_305' title='bbox 202 3615 296 3664; x_wconf 86' lang='lat' dir='ltr'>&#39;Varro</span> <span class='ocrx_word' id='word_1_306' title='bbox 313 3611 345 3662; x_wconf 91' lang='lat' dir='ltr'>de</span> <span class='ocrx_word' id='word_1_307' title='bbox 361 3613 391 3662; x_wconf 88' lang='lat' dir='ltr'>L.</span> <span class='ocrx_word' id='word_1_308' title='bbox 405 3613 464 3664; x_wconf 88' lang='lat' dir='ltr'>Lat.</span> <span class='ocrx_word' id='word_1_309' title='bbox 480 3612 514 3677; x_wconf 88' lang='lat'>8,</span> <span class='ocrx_word' id='word_1_310' title='bbox 532 3612 576 3666; x_wconf 81' lang='lat'>29.</span> <span class='ocrx_word' id='word_1_311' title='bbox 595 3613 633 3680; x_wconf 85' lang='lat' dir='ltr'>(p.</span> <span class='ocrx_word' id='word_1_312' title='bbox 652 3610 711 3664; x_wconf 87' lang='grc'><strong>136.</strong></span> <span class='ocrx_word' id='word_1_313' title='bbox 727 3612 794 3680; x_wconf 70' lang='lat' dir='ltr'>sip.)</span> <span class='ocrx_word' id='word_1_314' title='bbox 815 3612 1025 3685; x_wconf 76' lang='lat' dir='ltr'>quod&#39;rogimt,</span> <span class='ocrx_word' id='word_1_315' title='bbox 1055 3629 1088 3663; x_wconf 82' lang='lat' dir='ltr'>ex</span> <span class='ocrx_word' id='word_1_316' title='bbox 1104 3630 1159 3683; x_wconf 76' lang='lat' dir='ltr'>pua</span> 
     </span>
     <span class='ocr_line' id='line_1_38' title="bbox 182 3695 1159 3768; baseline -0.001 -18"><span class='ocrx_word' id='word_1_317' title='bbox 182 3708 257 3766; x_wconf 82' lang='lat' dir='ltr'>parts</span> <span class='ocrx_word' id='word_1_318' title='bbox 272 3705 405 3768; x_wconf 83' lang='lat' dir='ltr'>oporteat</span> <span class='ocrx_word' id='word_1_319' title='bbox 421 3696 512 3750; x_wconf 78' lang='lat' dir='ltr'>sinrile</span> <span class='ocrx_word' id='word_1_320' title='bbox 527 3716 585 3751; x_wconf 85' lang='lat' dir='ltr'>esse</span> <span class='ocrx_word' id='word_1_321' title='bbox 605 3697 736 3759; x_wconf 86' lang='lat' dir='ltr'>verbum,</span> <span class='ocrx_word' id='word_1_322' title='bbox 758 3695 793 3748; x_wconf 82' lang='lat' dir='ltr'>ab</span> <span class='ocrx_word' id='word_1_323' title='bbox 806 3717 876 3751; x_wconf 79' lang='lat' dir='ltr'>voce</span> <span class='ocrx_word' id='word_1_324' title='bbox 897 3719 934 3751; x_wconf 82' lang='lat' dir='ltr'>arr</span> <span class='ocrx_word' id='word_1_325' title='bbox 950 3719 967 3750; x_wconf 86' lang='lat' dir='ltr'>a</span> <span class='ocrx_word' id='word_1_326' title='bbox 981 3698 1159 3767; x_wconf 85' lang='lat' dir='ltr'>significatio-</span> 
     </span>
     <span class='ocr_line' id='line_1_39' title="bbox 182 3781 1157 3853; baseline 0.001 -22"><span class='ocrx_word' id='word_1_327' title='bbox 182 3799 228 3834; x_wconf 79' lang='lat' dir='ltr'>ne:</span> <span class='ocrx_word' id='word_1_328' title='bbox 252 3781 485 3853; x_wconf 81' lang='lat' dir='ltr'>respondeamus,</span> <span class='ocrx_word' id='word_1_329' title='bbox 522 3803 540 3836; x_wconf 85' lang='lat' dir='ltr'>a</span> <span class='ocrx_word' id='word_1_330' title='bbox 562 3801 638 3837; x_wconf 87' lang='lat' dir='ltr'>voce.</span> <span class='ocrx_word' id='word_1_331' title='bbox 673 3786 705 3833; x_wconf 90' lang='lat' dir='ltr'>In</span> <span class='ocrx_word' id='word_1_332' title='bbox 729 3783 821 3850; x_wconf 87' lang='lat' dir='ltr'>quibus</span> <span class='ocrx_word' id='word_1_333' title='bbox 844 3783 880 3837; x_wconf 84' lang='lat' dir='ltr'>ab</span> <span class='ocrx_word' id='word_1_334' title='bbox 907 3785 1051 3851; x_wconf 83' lang='lat' dir='ltr'>explicatur</span> <span class='ocrx_word' id='word_1_335' title='bbox 1072 3782 1157 3832; x_wconf 89' lang='lat' dir='ltr'>verbis</span> 
     </span>
     <span class='ocr_line' id='line_1_40' title="bbox 186 3863 1158 3939; baseline 0.001 -21"><span class='ocrx_word' id='word_1_336' title='bbox 186 3883 285 3938; x_wconf 68' lang='lat' dir='ltr'>etqua</span> <span class='ocrx_word' id='word_1_337' title='bbox 302 3879 390 3939; x_wconf 83' lang='lat' dir='ltr'>parta.</span> <span class='ocrx_word' id='word_1_338' title='bbox 424 3867 536 3919; x_wconf 88' lang='lat' dir='ltr'>Plancus</span> <span class='ocrx_word' id='word_1_339' title='bbox 558 3869 626 3938; x_wconf 87' lang='lat' dir='ltr'>apud</span> <span class='ocrx_word' id='word_1_340' title='bbox 649 3869 702 3918; x_wconf 84' lang='lat' dir='ltr'>Cic.</span> <span class='ocrx_word' id='word_1_341' title='bbox 719 3869 753 3918; x_wconf 90' lang='lat' dir='ltr'>ad</span> <span class='ocrx_word' id='word_1_342' title='bbox 770 3870 841 3919; x_wconf 86' lang='lat' dir='ltr'>Fam.</span> <span class='ocrx_word' id='word_1_343' title='bbox 861 3869 909 3929; x_wconf 88' lang='grc'>10,</span> <span class='ocrx_word' id='word_1_344' title='bbox 929 3866 973 3927; x_wconf 76' lang='grc'>24,</span> <span class='ocrx_word' id='word_1_345' title='bbox 991 3863 1032 3916; x_wconf 87' lang='grc'><strong>17.</strong></span> <span class='ocrx_word' id='word_1_346' title='bbox 1050 3883 1158 3919; x_wconf 82' lang='lat' dir='ltr'>secures</span> 
     </span>
     <span class='ocr_line' id='line_1_41' title="bbox 185 3950 1158 4023; baseline 0.003 -22"><span class='ocrx_word' id='word_1_347' title='bbox 185 3967 230 4003; x_wconf 79' lang='lat' dir='ltr'>vor</span> <span class='ocrx_word' id='word_1_348' title='bbox 264 3951 300 4005; x_wconf 81' lang='lat' dir='ltr'>ab</span> <span class='ocrx_word' id='word_1_349' title='bbox 330 3950 384 4003; x_wconf 77' lang='lat' dir='ltr'>bac</span> <span class='ocrx_word' id='word_1_350' title='bbox 404 3962 486 4020; x_wconf 82' lang='lat' dir='ltr'>parte</span> <span class='ocrx_word' id='word_1_351' title='bbox 509 3953 662 4006; x_wconf 82' lang='lat' dir='ltr'>reddemus.</span> <span class='ocrx_word' id='word_1_352' title='bbox 698 3954 785 4004; x_wconf 89' lang='lat' dir='ltr'>Livius</span> <span class='ocrx_word' id='word_1_353' title='bbox 815 3952 852 4013; x_wconf 88' lang='lat'>1,</span> <span class='ocrx_word' id='word_1_354' title='bbox 878 3950 928 4010; x_wconf 71' lang='lat'>82,</span> <span class='ocrx_word' id='word_1_355' title='bbox 953 3950 978 4001; x_wconf 74' lang='grc'><strong>2.</strong></span> <span class='ocrx_word' id='word_1_356' title='bbox 1005 3954 1070 4022; x_wconf 85' lang='lat' dir='ltr'>quia</span> <span class='ocrx_word' id='word_1_357' title='bbox 1094 3971 1158 4023; x_wconf 90' lang='lat' dir='ltr'>pro-</span> 
     </span>
    </p>

    <p class='ocr_par' dir='ltr' id='par_1_17' title="bbox 153 4035 1158 4190">
     <span class='ocr_line' id='line_1_42' title="bbox 153 4035 1158 4112; baseline -0.002 -23"><span class='ocrx_word' id='word_1_358' title='bbox 153 4084 155 4089; x_wconf 90' lang='lat'>.</span> <span class='ocrx_word' id='word_1_359' title='bbox 187 4038 283 4089; x_wconf 74' lang='lat' dir='ltr'>timum</span> <span class='ocrx_word' id='word_1_360' title='bbox 304 4054 434 4106; x_wconf 80' lang='lat' dir='ltr'>regnum,</span> <span class='ocrx_word' id='word_1_361' title='bbox 464 4048 553 4092; x_wconf 86' lang='lat' dir='ltr'>cetera</span> <span class='ocrx_word' id='word_1_362' title='bbox 578 4041 738 4112; x_wconf 76' lang='lat' dir='ltr'>egregium,</span> <span class='ocrx_word' id='word_1_363' title='bbox 764 4035 799 4089; x_wconf 86' lang='lat' dir='ltr'>ab</span> <span class='ocrx_word' id='word_1_364' title='bbox 827 4055 882 4088; x_wconf 78' lang='lat' dir='ltr'>une</span> <span class='ocrx_word' id='word_1_365' title='bbox 895 4045 976 4104; x_wconf 82' lang='lat' dir='ltr'>parte</span> <span class='ocrx_word' id='word_1_366' title='bbox 998 4035 1074 4090; x_wconf 81' lang='lat' dir='ltr'>baud</span> <span class='ocrx_word' id='word_1_367' title='bbox 1088 4040 1158 4090; x_wconf 82' lang='lat' dir='ltr'>sctis</span> 
     </span>
     <span class='ocr_line' id='line_1_43' title="bbox 187 4116 458 4190; baseline -0.011 -16"><span class='ocrx_word' id='word_1_368' title='bbox 187 4138 341 4190; x_wconf 80' lang='lat' dir='ltr'>prosperum</span> <span class='ocrx_word' id='word_1_369' title='bbox 350 4116 458 4190; x_wconf 82' lang='lat' dir='ltr'>fuerat.</span> 
     </span>
    </p>
   </div>
   <div class='ocr_carea' id='block_1_13' title="bbox 0 0 1323 4770">
    <p class='ocr_par' dir='ltr' id='par_1_18' title="bbox 0 0 1323 4770">
     <span class='ocr_line' id='line_1_44' title="bbox 0 0 1323 4770; baseline 0 0"><span class='ocrx_word' id='word_1_370' title='bbox 0 0 1323 4770; x_wconf 95' lang='lat' dir='ltr'> </span> 
     </span>
    </p>
   </div>
  </div>
 </body>
</html>
