2618 4770
149 254 214 322 aa
395 247 464 316 au.
508 245 604 312 aur.
646 244 801 316 aucus.
845 227 944 314 aar.

153 412 203 488 16,
227 406 280 472 35.
303 401 457 561 οὲᾶίοωη
475 403 667 476 auctoritate
683 401 926 485 restituendum
941 414 991 468 eat
1006 417 1044 470 ot
1062 405 1126 491 puu'

149 501 255 562 certe.
301 513 323 552 u
349 501 416 554 eat.

233 513 397 640 Balitleius
415 573 597 638 adTerent.
620 574 681 639 Ad.
705 576 746 656 4,
765 578 804 654 t,
826 566 858 638 6.
883 573 947 638 dici
963 580 1064 662 poste
1080 577 1126 639 exi

149 662 280 728 mabatz
304 661 367 736 alr,
392 659 546 742 esurite,
569 672 606 724 tu
621 659 665 732 clo
670 660 828 746 psaltria
842 661 1064 732 mesomelas
1080 683 1126 747 ug

122 781 126 789 ,
151 747 253 836 Quod
267 746 361 810 nullo
378 743 532 830 exemplo
552 745 808 809 demonstratur.
1025 755 1031 762 '

202 874 205 881 ·
232 832 337 917 Saepe
350 831 385 893 ln
400 829 530 977 scriptis
545 831 637 894 libris
661 853 724 918 pro
745 831 791 894 oli
811 829 987 894 exhibetur
1006 831 1075 895 lto:-
1104 855 1126 978 p

149 938 220 980 non
243 915 400 1002 exprimit
425 915 468 978 do
484 936 576 979 crem
600 927 655 979 aut
679 914 843 1000 questum.
893 915 943 980 De
963 916 1027 980 hac
1054 939 1091 980 re
1122 972 1126 979 .

150 1001 326 1088 disputavit
347 999 500 1066 Bartbius
517 1001 555 1064 ad
574 1002 653 1067 Stat.
673 1001 783 1071 Theb.
798 1006 836 1083 2,
853 1001 928 1065 350.
953 1012 987 1066 ct
1010 1004 1049 1078 4,
1072 1001 1126 1066 405

85 1096 87 1102 ’
150 1087 324 1151 Suntenius
347 1085 387 1149 ad
412 1085 505 1149 Balbi
530 1086 639 1151 carm.
671 1085 833 1152 in‘lndic.
864 1086 1001 1151 litterar.
1039 1109 1068 1166 a.
1099 1091 1126 1151 12

146 1194 182 1260 p.
212 1175 305 1236 1822.
328 1169 430 1250 haec:
444 1170 526 1252 ’,λιιι
545 1192 729 1259 numquam
752 1171 894 1237 dolentis
924 1183 973 1236 est
993 1173 1126 1236 interiec

146 1256 203 1335 Ab
219 1257 323 1320 miser
335 1255 530 1320 exclamatio
551 1267 599 1320 est
611 1257 787 1345 pathetica.
821 1257 888 1321 vid.
904 1256 1057 1322 Brcukh.
1073 1258 1115 1327 ad

146 1341 228 1406 bull.
256 1348 294 1423 1,
315 1346 374 1422 10,
394 1341 426 1405 5.
449 1341 506 1405 ubi
524 1343 560 1406 in
575 1362 643 1406 unc
667 1364 743 1406 meo
764 1343 918 1410 scribitur
939 1344 1040 1413 ¹etiam
1064 1343 1126 1406 tc:

146 1427 331 1507 cuiusmodi
347 1426 479 1490 codices
492 1427 613 1513 procul
628 1428 729 1511 dubio
747 1428 863 1491 incidit
881 1427 1021 1510 Balbus,
1044 1432 1126 1515 quor

146 1513 325 1609 scriptores
339 1534 441 1600 prava
455 1511 632 1583 utebantur
648 1512 955 1603 pronuntiatione.“
982 1533 986 1542 ·

524 1702 530 1716 ·
584 1676 734 1778 Arra
817 1644 819 1651 ¹

225 1825 320 1923 im,
344 1841 486 1928 quadiu
505 1841 730 1928 macariana
744 1840 827 1904 1001.
842 1841 979 1928 iegitur,
1009 1847 1126 1931 propri

142 1929 176 1994 id
190 1929 310 1995 habere
324 1927 470 2009 videtur,
492 1938 531 1991 ut
550 1926 589 1990 ab
617 1947 657 1990 ec
674 1935 872 2014 usurpetur,
894 1927 950 2012 qui
975 1940 1110 2007 renuat,

143 2015 267 2102 aliquid
281 2038 300 2078 a
319 2035 354 2077 se
368 2023 547 2078 removeat.
939 2056 943 2062 -

144 2185 149 2196 ..
242 2135 325 2186 Plaut.
343 2132 411 2184 llud.
424 2131 458 2197 2,
475 2129 508 2197 4,
524 2130 550 2186 6.
580 2131 726 2200 Ampelisca
746 2135 873 2185 recedens
895 2150 911 2183 a
934 2135 1110 2202 Sceparnicne

175 2217 190 2252 .·
209 2217 282 2283 aba,
300 2214 416 2272 nimium
427 2214 615 2288 familiariter
631 2236 674 2271 me
690 2227 832 2274 abactas.
848 2218 943 2271 Bacch.
958 2218 991 2285 1,
1007 2218 1040 2285 1,
1059 2216 1102 2271 54.
1119 2243 1126 2274 r

206 2304 330 2365 minime.
433 2311 438 2317 “
903 2294 906 2300 ’

165 2458 167 2462 ,
248 2405 327 2468 Quod
342 2407 420 2457 Truc.
435 2402 468 2468 4,
486 2402 520 2469 4,
536 2403 580 2458 36.
596 2406 692 2474 legitur
706 2404 762 2459 aba
775 2414 853 2471 tace,
866 2407 1113 2476 veterea'cditioues

207 2491 299 2544 bibent
313 2488 350 2542 lta
363 2500 432 2544 tace.
460 2493 491 2542 In
510 2491 604 2545 Bacch.
618 2490 652 2559 4,
670 2489 703 2557 7,
722 2490 764 2542 11.
782 2488 846 2554 aba,
868 2490 1117 2561 Bellerophontem

205 2574 269 2630 tuus
282 2595 325 2629 me
335 2571 412 2645 fecit
419 2571 527 2645 filiast
544 2571 655 2646 egomet
668 2574 790 2630 tabellas
803 2565 900 2640 detuli,
917 2587 948 2629 ut
962 2577 1102 2633 vincitur?
1111 2596 1126 2629 a

207 2660 316 2713 sirecte
335 2662 446 2728 legitur,
466 2662 606 2731 Chrysalus
624 2663 663 2715 ita
684 2661 816 2731 loquitur,
842 2661 902 2711 dum
924 2679 939 2712 a
964 2680 1058 2726 servo,
1083 2662 1126 2730 qui

204 2765 262 2800 eum
276 2746 443 2798 vinciendum
460 2747 586 2811 accessit,
602 2747 716 2815 refugit:
742 2746 813 2814 quod
835 2744 914 2798 etiam
947 2749 1026 2798 verbo
1050 2752 1112 2803 sine

179 2826 181 2832 ’
205 2821 335 2901 primitur.
369 2833 467 2883 Tamen
489 2830 656 2883 scribendum
678 2831 781 2883 videtur
804 2829 849 2883 alr.
884 2835 915 2883 Iu
937 2834 1043 2883 Horatii
1056 2834 1126 2902 Epoe'

204 2916 249 2967 71.
268 2918 399 2968 Beutlcins
413 2935 467 2969 nou
482 2917 602 2986 exposita
616 2933 706 2968 caussa
714 2915 821 2984 scripsit
835 2915 911 2970 alra!
929 2915 1040 2971 solutus
1053 2916 1126 2970 ambr

189 2989 348 3070 =oerieficaa
361 3004 519 3055 scientioris
538 2984 665 3054 carmine.
685 3003 770 3068 Atque
785 3001 823 3051 ita
846 3001 874 3052 in
896 3002 954 3051 aliis
977 3003 1113 3067 codicibus

145 3132 147 3136 .
204 3095 276 3147 stat,
295 3085 395 3148 inullis
410 3096 498 3138 nmen
513 3085 567 3148 tc,
581 3083 634 3148 ha,
652 3086 694 3136 vel
709 3081 763 3148 alt,
780 3083 827 3139 uli.
862 3086 988 3137 Feahuic
1009 3088 1070 3138 loco
1093 3107 1126 3157 ap

204 3179 298 3238 putans
313 3169 415 3223 ironiae
435 3173 590 3224 cachinnum
604 3182 631 3223 et
647 3171 780 3234 derisum,
798 3171 918 3223 defendit
931 3169 968 3223 lta
983 3170 1037 3223 ba.-
1056 3175 1105 3225 sed

203 3255 275 3306 litur.
309 3258 377 3307 Nam
399 3257 646 3322 excandescentiae,
670 3274 724 3324 qua
742 3257 810 3307 furit
831 3256 954 3317 Canidia,
979 3259 1092 3311 maxime
1112 3280 1126 3312 c

203 3340 276 3390 venit
290 3342 442 3392 exsecrandi
458 3359 509 3394 vox
526 3341 579 3405 ab,
598 3339 644 3394 alt.
670 3342 754 3394 Plaut.
771 3343 830 3396 Cas.
843 3340 875 3406 3,
894 3339 924 3407 6,
946 3340 972 3394 7.
991 3362 1039 3410 pro
1055 3341 1115 3399 altri

203 3427 281 3476 dices
295 3437 367 3478 recte
395 3428 518 3480 exhibent
535 3425 608 3482 ‘calu
642 3427 720 3490 Quod
740 3427 847 3480 Terent.
868 3429 933 3479 Eun.
949 3424 983 3490 4,
1000 3426 1035 3492 7,,
1053 3428 1098 3483 27.
1120 3451 1126 3481 r

94 3581 97 3585 .
135 3508 159 3556 ’.
199 3514 289 3572 Bemb.
304 3511 482 3584 praebetalra
495 3513 563 3585 quid
576 3514 664 3586 ogisi
699 3510 745 3563 uni
759 3514 863 3567 Faerno
877 3511 984 3582 placuit.
1093 3542 1096 3545 ·

431 3633 674 3756 ΑΗΑΗΕ.
729 3666 878 3752 auu.

214 3821 266 3891 Ex
281 3823 417 3892 Terent.
439 3821 523 3889 Eun.
539 3826 578 3903 6,
600 3830 640 3901 2,
660 3827 713 3893 60.
733 3824 919 3887 lexicorum
945 3833 1096 3889 auctores
1123 3869 1126 3887 .

130 3903 243 3990 ferunt
259 3910 388 3984 obulco,
411 3919 507 3988 tore,
528 3909 679 3985 obsecro,
701 3909 752 3974 val
776 3910 856 3974 alut.
901 3910 965 3972 Sed
982 3909 1109 4000 antiqui

130 3989 181 4141 2ἱί
197 4004 235 4144 ctt
243 3994 367 4063 Donati
386 3994 614 4087 testimonium
637 3993 855 4079 confirmant,
889 3995 1049 4084 scriptum
1073 3995 1126 4063 fui

188 4127 198 4160 ,
238 4102 310 4147 ace.
394 4124 397 4133 ·
838 4104 842 4116 ¹
