2618 4770
13 418 16 424 Ι
122 317 186 384 sse
616 301 688 367 AN·

189 464 257 522 erbe
273 460 416 518 sicarios?
433 458 469 511 sd
486 460 541 509 Art.
552 455 600 527 16,
610 456 637 510 8.
669 457 827 513 Romamne
842 459 936 519 venio,
947 455 1053 512 andis
1066 474 1142 526 nanee

125 607 128 611 ,
189 573 229 609 aa
254 548 393 620 Arpinum
422 538 565 614 fugiam?
597 553 626 595 et
651 542 703 609 16,
728 544 771 595 10.
804 547 860 598 trin
888 555 956 599 sant
982 541 1085 610 auum,
1106 566 1143 611 na

188 652 305 692 mamere
322 631 441 700 Arpini,
459 646 497 679 an
510 630 630 697 propias
645 627 790 690 accedam,
807 649 845 681 an
857 632 972 683 veniam
988 628 1144 695 Romanii,
1177 647 1191 685 'r

187 723 232 775 2⁰.
258 712 345 772 Pleni.
370 716 440 765 Pers.
456 710 490 776 4,
513 709 551 777 3,
577 711 624 778 64,
650 713 776 785 tacesn',
797 733 835 766 an
858 731 916 767 non
939 725 1024 769 taces
1069 717 1145 769 rsus

187 809 254 859 Hcc.
283 799 317 866 4,
344 799 377 861 1,
401 794 445 850 4³.
464 813 554 868 roga,
575 795 696 865 velitne,
717 791 840 852 'an'non
864 817 1008 858 morem„
1031 799 1081 851 Cic.
1100 801 1145 857 Pht

189 892 224 956 1,
240 887 272 956 5,
293 886 336 938 11.
351 881 465 939 sciasne
487 879 618 947 aberam,
642 901 680 936 an
703 870 762 937 non
786 901 870 957 saepe
901 887 995 940 minas
1011 868 1146 957 frequento

193 970 324 1046 fuistis?
385 1034 389 1041 ¹
448 1022 451 1029 .

224 1075 281 1128 Cic.
298 1090 326 1143 p.
343 1071 401 1125 Mil.
420 1070 473 1136 2⁰,
489 1068 534 1123 54.
554 1067 624 1141 quid
643 1065 740 1124 horam
762 1087 819 1124 non
837 1066 1103 1140 impeditissimum?
1120 1094 1149 1129 re

108 1212 111 1223 ,
191 1163 285 1222 ssim,
305 1177 344 1212 an
362 1154 533 1221 sabiniam,
551 1175 590 1209 an
606 1157 721 1208 comes?
738 1156 845 1209 Verrio.
860 1155 888 1221 2,
906 1155 952 1222 77,
972 1156 1034 1210 188.
1050 1154 1149 1233 postris,

180 1241 466 1314 miti‘respondeas.
493 1243 597 1314 quirit
623 1243 678 1295 iste
712 1239 871 1306 Verrucius,
894 1251 1051 1307 mercator,
1073 1243 1106 1296 ais
1122 1258 1165 1297 ne·

124 1364 127 1371 ·
186 1329 338 1403 gotiator,
361 1346 400 1381 an
423 1337 539 1390 arator.
567 1344 606 1380 an
629 1324 797 1397 pecuarius.-
821 1324 850 1377 in
870 1323 972 1380 Sicilia
986 1330 1043 1393 sit,
1068 1331 1152 1382 anisa

190 1415 347 1469 decesserit.
381 1415 411 1463 In
430 1411 472 1462 his
491 1410 578 1462 critici
600 1410 678 1477 vulgo
698 1410 869 1479 supplendum
889 1412 1034 1464 censebant
1050 1411 1078 1463 in
1091 1413 1152 1481 priori

190 1509 266 1572 parte
286 1509 378 1552 amam
396 1507 423 1549 nt
444 1513 495 1562 ne,
515 1506 543 1548 et
558 1495 629 1565 qnod
648 1496 767 1564 ineptum
783 1504 858 1559 erat,
879 1514 925 1548 an.
955 1497 1010 1548 Sed
1029 1497 1080 1550 vit
1090 1501 1152 1550 horn.

191 1586 226 1638 ud
252 1584 378 1648 Quinctil.
405 1585 470 1633 Inet.
486 1577 535 1647 5,
557 1579 600 1635 18.
631 1581 665 1631 ad
689 1579 784 1632 Vellei.
812 1581 840 1631 P.
856 1580 888 1645 2,
906 1579 950 1632 86.
975 1582 1011 1632 ad
1037 1580 1152 1648 nuent

192 1670 253 1724 569.
284 1667 404 1720 Oudend.
421 1666 455 1720 ad
475 1667 548 1718 Caes.
566 1668 596 1719 B.
615 1666 648 1719 G.
664 1663 691 1728 7,
710 1664 737 1720 5.
766 1664 893 1718 schoosz.
912 1667 948 1720 ad
967 1666 1036 1718 Plin.
1054 1664 1154 1733 Penio,

190 1756 218 1810 5.
241 1755 292 1817 89,
315 1754 341 1807 2.

224 1856 432 1923 Distingneudae
448 1865 517 1917 sunt,
541 1871 608 1924 qnae
631 1853 728 1904 multos
755 1851 927 1920 fefellerunt,
951 1871 1000 1906 ene
1026 1854 1156 1922 interroge-

190 1945 296 2006 tiones,
328 1942 356 1992 in
381 1942 473 2010 quibus
502 1959 540 1992 an
564 1956 619 1990 non
644 1939 756 1989 alterum
780 1937 919 1989 constitnit
942 1941 1100 2005 membrum,
1123 1924 1172 1992 sci'

190 2029 265 2082 uliud
280 2028 387 2079 verbnm
408 2027 541 2088 annectit,
565 2024 650 2093 ipsum
665 2040 714 2091 pro
731 2033 781 2076 ant
795 2023 917 2091 positum.
952 2024 996 2077 sic
1015 2024 1155 2087 Iuventii,

193 2114 253 2168 121.
275 2131 292 2164 o
318 2105 461 2180 proceres,
489 2126 600 2161 censore
627 2123 702 2176 opus
733 2117 794 2170 est,
828 2127 867 2160 an
893 2107 1044 2179 haruspice
1073 2107 1156 2163 nohhi

190 2198 262 2269 quod
284 2211 339 2246 non
363 2204 418 2246 est:
449 2202 535 2243 utrum
557 2208 667 2243 censore
689 2208 722 2242 an
744 2191 900 2262 haruspice,
927 2196 992 2248 ced:
1021 2205 1177 2253 ntrnmnon.

193 2302 258 2354 opus
277 2290 332 2344 est,
353 2296 387 2329 on
402 2294 465 2348 opus
481 2289 522 2329 est
536 2294 646 2330 censore
660 2286 705 2327 ant
718 2276 879 2346 haruspice?

206 2406 240 2466 9.
272 2397 337 2462 vbi
359 2397 575 2481 interrogatio
591 2395 728 2460 inclinat
743 2395 785 2458 ud
801 2393 1079 2479 affirmationem,
1099 2396 1156 2463 nddi

124 2487 259 2580 quidem
288 2494 386 2567 otest
402 2482 436 2546 in
452 2482 555 2546 altero
576 2480 730 2546 membro
748 2504 813 2561 an,
844 2481 902 2545 sed
922 2505 998 2547 ram
1021 2507 1088 2548 esse
1110 2505 1156 2548 ex·

84 2646 89 2657 ,
125 2574 236 2671 emplo
259 2507 302 2635 oir
326 2570 434 2655 ipsam
450 2568 498 2633 rei
520 2579 799 2653 naturam,‘suprn
817 2570 1047 2656 exposuimus.
1087 2569 1156 2632 Nom

125 2682 225 2750 qnam
241 2676 314 2721 rem
329 2652 562 2718 affirmandam
580 2675 649 2716 esse
665 2652 891 2740 suspicemur,
910 2653 945 2718 ‘ei
968 2655 1156 2719 contrarium

126 2747 245 2814 addere
262 2741 310 2805 nil
325 2740 450 2804 attinet.

226 2883 334 2932 Terent.
347 2872 429 2925 Andr.
449 2871 481 2938 1,
496 2869 529 2937 2,
545 2870 589 2925 30.
608 2871 662 2927 hoc
676 2871 876 2938 intellexistis,
893 2893 931 2926 an
947 2873 1072 2928 nondam
1088 2878 1157 2929 etiem

134 3031 137 3036 ,
192 2986 227 3020 ne
251 2964 302 3016 hoc
320 2960 456 3034 quidem?
483 2957 501 3012 i.
518 2977 541 3009 e.
568 2957 607 3009 du
628 2957 693 3011 lrast
715 2959 786 3011 doch
809 2958 998 3030 diesgehdrt,
1016 2959 1157 3015 odernirit

193 3045 298 3107 einmal
312 3045 397 3098 dies?
423 3042 505 3095 Sicuti
522 3044 614 3094 Cicero
630 3041 664 3093 nd
682 3047 736 3094 Art.
757 3044 806 3108 12,
824 3041 868 3098 24.
892 3044 994 3108 velim,
1012 3066 1056 3100 me
1078 3050 1157 3100 certio·

189 3128 371 3203 tepefaciat,
394 3128 426 3181 P.
448 3124 563 3182 Crassus
576 3156 611 3170 -
626 3132 730 3183 vivens
746 3129 778 3182 P·
800 3129 899 3184 Crasso
916 3130 1075 3197 consulari,
1091 3141 1157 3203 patre

191 3237 261 3286 sac,
287 3225 414 3287 nrortnus
439 3215 494 3275 sit,
518 3223 551 3265 ut
575 3230 626 3286 ego
646 3217 802 3269 meminisse
814 3214 929 3279 videor,
950 3235 988 3268 an
1002 3226 1078 3286 post.
1108 3217 1158 3268 Ter.
1200 3252 1203 3289 3

189 3305 295 3359 Phorm.
313 3299 346 3363 5,
364 3298 396 3363 6,
420 3295 462 3350 13.
482 3295 532 3351 'sed
548 3300 608 3352 isne
621 3309 664 3353 est
680 3294 760 3371 quern
775 3319 896 3373 qaaere,
917 3303 1056 3354 annon?
1075 3303 1158 3374 ipsust.

122 3454 124 3458 .
187 3392 281 3459 Neque
297 3387 374 3438 aliter
392 3382 441 3435 Ad.
457 3379 491 3446 5,
508 3379 588 3448 2,(1.
606 3403 664 3439 non
680 3405 793 3441 marm
809 3385 950 3454 abstines,
966 3391 1159 3462 mastigia,an
1198 3390 1201 3397 ⁴

189 3474 242 3531 sibi
255 3479 313 3529 iam
329 3471 419 3524 manis
435 3466 571 3523 cerebrum
586 3467 748 3542 dispergam
761 3468 843 3533 hiet
868 3482 869 3485 ’

223 3579 265 3628 Ita
287 3574 456 3644 explicandus
472 3581 512 3624 est
528 3571 603 3623 locus
617 3567 724 3623 Horatii
745 3574 801 3623 Art.
819 3591 846 3641 p.
860 3571 921 3626 265.
942 3594 958 3628 a
972 3579 1074 3631 criticis
1090 3577 1159 3633 sehe-

188 3674 292 3717 menter
321 3670 444 3712 rexatus:
477 3656 615 3710 idcircone
637 3675 740 3730 vager,
773 3656 945 3733 scribamque
970 3661 1103 3728 licenter,
1127 3647 1161 3715 ⁸an

188 3767 284 3804 omnes
299 3750 410 3802 visuros
424 3751 539 3815 peccata
556 3752 654 3812 putem
674 3763 752 3809 ntea,
780 3752 856 3795 tatus
878 3757 906 3798 et
927 3748 1001 3800 intra
1024 3767 1104 3821 spem
1124 3767 1161 3802 oe·

188 3840 253 3892 niae
269 3831 389 3909 eamus?
407 3845 517 3899 qnorum
535 3845 625 3880 sensus
642 3838 697 3880 est:
723 3844 811 3879 nonne
825 3827 906 3894 igitur
921 3832 954 3881 ob
970 3833 1039 3885 hanc
1057 3850 1162 3888 caussam

187 3920 353 3989 negligenter
368 3915 496 3978 scribam,
515 3931 566 3977 an,
591 3912 637 3982 qui
654 3923 724 3965 tutus
738 3930 754 3963 a
769 3914 974 3981 reprehensione
992 3919 1042 3997 sirp
1050 3957 1061 3987 ,
1083 3919 1162 3989 potins

187 4017 278 4074 putem
288 4019 378 4059 omues
391 3999 493 4055 visuros
508 4016 565 4052 esse
579 4016 638 4050 mea
652 3992 782 4075 peccata?
879 4051 886 4070 .;

201 4127 234 4189 8.
249 4119 450 4209 ,Sinopam
469 4118 548 4211 ipen
558 4117 821 4204 interrogatione
844 4080 1045 4210 occupetur,
1075 4118 1162 4189 addi·
1202 4092 1204 4097 Ι
