2618 4770
126 404 130 417 1
212 311 277 376 eso
371 294 376 303 '
600 302 765 388 trouu.
798 306 881 375 su.
911 288 935 343 ἓ
998 298 1001 304 ·

283 461 389 520 occulti
405 457 575 517 illuderent:
592 478 625 512 ae
645 470 737 515 tamen
759 462 842 516 initia
852 456 975 533 fastigii
997 460 1165 519 Caesaribus
1185 479 1266 520 erent.

281 549 317 616 8,
344 549 388 603 73.
413 567 447 601 ae
469 558 561 600 tamen
583 563 627 598 res
653 545 751 603 Blaesi
777 547 880 618 dignae
905 548 1003 602 decore
1029 549 1084 604 rati
1104 547 1210 621 fuere:
1228 555 1266 605 ubi

158 690 164 705 ,
226 690 232 711 '
283 634 422 691 Ernestius
439 633 512 684 nulla
531 641 595 682 nota
611 632 715 687 adiecta
733 634 844 686 mutavit
857 645 890 687 at
908 645 1008 690 tameo.
1044 637 1122 688 cnut.
1141 638 1265 690 Goerenz.

26 702 172 795 (uasti-a·
203 700 236 751 ³⁷
284 720 320 772 ao
337 720 392 770 cic.
413 718 447 769 ae
466 718 524 768 rin.
544 717 578 783 a,
592 716 646 783 27,
664 716 709 772 85.

18 778 254 895 ¹1“i‘''wwssln
285 821 433 888 formula
464 842 506 883 oc
533 819 633 884 mitto
663 820 777 885 eadem
807 820 855 885 vis
886 820 987 896 inest,
1024 842 1109 908 quac
1132 823 1169 888 iu
1202 824 1264 889 aliis

213 929 277 1001 per
295 921 397 995 atque
413 900 683 970 adiitoi'r‘n‘iiis.
721 904 821 973 Conf-
837 905 914 984 ΙΙΙ,ρ
928 913 978 973 11.

328 1030 437 1081 Terent.
460 1026 566 1079 Phorm.
591 1025 624 1093 2,
644 1026 676 1090 1,
695 1026 722 1082 2.
743 1047 792 1081 nec
818 1047 908 1081 areum
933 1029 1101 1098 imperium:
1124 1049 1159 1082 ac
1187 1033 1264 1084 mitto

265 1100 441 1185 imperium.
461 1112 526 1165 eAd.
554 1110 587 1176 4,
605 1111 639 1175 4,
662 1111 704 1165 18.
733 1133 767 1165 ac
795 1113 887 1167 mitto.
930 1113 963 1169 (le
993 1114 1086 1183 quibus
1113 1115 1182 1166 locis
1210 1117 1265 1167 vide

280 1219 308 1271 p.
326 1196 387 1251 208.
412 1198 467 1251 Cic.
485 1198 562 1250 Catil.
582 1198 607 1262 1,
624 1197 651 1262 6,
669 1195 710 1249 15.
728 1218 762 1250 ac
780 1201 837 1252 iam
857 1196 909 1253 itta
925 1200 1035 1272 omitto.
1050 1198 1167 1254 sedvide
1174 1220 1201 1271 p.
1209 1201 1264 1254 491.

213 1306 289 1392 lpsa
317 1310 429 1366 autem
460 1298 660 1365 adversativa
687 1299 881 1389 significatio
908 1300 1070 1388 simplex,
1119 1325 1185 1390 qua
1209 1303 1264 1367 ali·

213 1387 297 1476 quid
321 1386 417 1451 alicui
445 1386 495 1450 rei
511 1396 728 1474 opponatur,
750 1398 852 1460 etea,
878 1406 960 1472 quae
979 1401 1072 1452 antea
1096 1387 1196 1454 dicta¹
1211 1399 1264 1467 est,

213 1473 377 1540 sententia
390 1472 575 1557 reiiciatur,
594 1473 630 1537 in
646 1473 787 1559 antiquis
802 1471 1021 1558 scriptoribus
1038 1473 1131 1538 nullo
1150 1497 1264 1548 exem·

214 1562 275 1650 plo
290 1561 383 1625 bono
399 1580 474 1623 com
501 1557 657 1636 robatur,
679 1559 737 1621 sed
759 1580 842 1706 puae
865 1557 1063 1640 afferuntur,
1086 1558 1172 1623 falsa
1193 1583 1269 1648 spe--

214 1648 265 1712 cie
290 1645 421 1710 fallunt.
473 1581 684 1728 iiuamquam
702 1642 797 1708 facie
816 1643 1046 1726 concedimus,
1069 1645 1205 1709 Latinos
1222 1646 1262 1710 ibi

214 1735 316 1798 etiam
331 1742 432 1818 atque
453 1750 648 1816 usurpasse,
675 1727 732 1794 ubi
757 1729 1080 1822 Graecfflonere
1103 1731 1261 1795 solebant.

213 1819 300 1885 Nam
318 1837 401 1904 quae
418 1815 536 1880 Graeci
550 1837 593 1878 ex
608 1815 745 1879 adverso
767 1825 962 1903 opponunt,
984 1815 1092 1880 Latini
1107 1817 1141 1881 in
1156 1817 1261 1882 hiser

215 1924 321 1988 aequo
351 1911 571 1988 componunt.
622 1900 690 1965 Cic.
721 1923 756 1987 p.
790 1902 918 1966 Cluent.
951 1905 1014 1982 28,
1045 1904 1098 1967 75.
1131 1925 1272 1974 summo,

213 1990 368 2054 omnium
387 1987 615 2072 exspectotm,
636 1983 802 2073 quirinum
824 1988 1014 2051 sententiae
1025 1984 1166 2075 ferrent
1180 1988 1260 2053 leves

102 2098 106 2107 ·
212 2099 259 2141 oc
279 2073 433 2139 arimarii
447 2070 588 2138 indices.
630 2073 741 2159 Atque
760 2071 814 2135 illi
834 2094 949 2135 omnes
971 2073 1044 2137 siue
1066 2073 1140 2137 ullu
1167 2072 1260 2136 ‹tutt-

106 2172 109 2179 '
213 2160 348 2227 tatione
364 2157 605 2223 condemnaret.
651 2157 753 2237 Quod
767 2178 900 2245 graecus
923 2157 1068 2244 scriptor
1083 2159 1219 2229 dixisset
1236 2163 1262 2222 oi

213 2248 249 2313 δὲ
269 2244 394 2320 πάντες,
423 2244 543 2307 latinus
557 2243 627 2307 «hoc
653 2243 756 2329 modo
777 2243 945 2329 concepit:
970 2245 1017 2307 uti
1039 2266 1158 2309 omncs
1179 2246 1276 2309 iudi--

214 2334 306 2398 oium
328 2328 577 2417 exspectabant,
605 2328 651 2394 itu
670 2327 796 2395 iudices
829 2328 929 2395 altera
953 2349 995 2392 ex
1021 2341 1117 2421 parte
1149 2353 1258 2395 omnes

215 2415 494 2485 condemnabant.

317 2537 404 2592 Tacit.
422 2540 492 2589 Anu.
510 2533 559 2601 15,
576 2535 601 2588 1.
622 2535 728 2590 interea
743 2551 793 2589 rex
809 2531 977 2591 Parthorum
1000 2535 1156 2609 Vologeses
1172 2564 1208 2579 -
1224 2537 1258 2590 di·

281 2641 378 2680 versas
396 2621 435 2674 ad
452 2639 531 2675 curas
548 2618 728 2673 trahebaturr
751 2631 896 2676 cunctator
916 2625 1027 2694 iugenio
1053 2633 1081 2676 et
1106 2619 1259 2694 defectione

286 2710 500 2782 Hyrcanorum,
516 2709 609 2779 gentis
625 2704 756 2770 validae,
775 2705 984 2779 multisquessex
1011 2724 1043 2764 eo
1068 2707 1154 2763 bettts
1172 2707 1260 2779 illiga·

283 2807 337 2849 tus.
372 2795 466 2867 Atque
483 2790 566 2847 illum
589 2788 751 2860 ansbiguum
776 2809 865 2846 novus
891 2797 1004 2864 insuper
1029 2797 1146 2848 nuntius
1170 2805 1259 2847 contu·

282 2879 384 2935 melias
401 2875 572 2951 exstimulat.
607 2877 639 2926 In
662 2875 704 2926 his
729 2877 818 2944 pergit
844 2878 931 2930 oratio
953 2877 990 2928 ad
1015 2877 1127 2932 similem
1149 2896 1260 2931 caussam

283 2984 365 3034 aeque
392 2963 622 3017 considerandam:
646 2971 673 3013 et
697 2962 736 3014 ita
758 2962 835 3016 illum
866 2981 948 3014 novus
971 2964 1079 3016 nuntius
1105 2965 1260 3017 exstimulat.

283 3053 339 3105 cic.
356 3069 384 3121 p.
402 3051 470 3100 Mur.
488 3046 538 3117 34,
558 3047 601 3101 72.
619 3048 676 3117 ipsi
694 3046 813 3119 clerique
828 3064 885 3101 non
904 3046 993 3102 elicere
1010 3066 1062 3117 pro
1081 3046 1177 3113 nobis,
1208 3067 1260 3101 non

283 3135 438 3207 spondere,
465 3151 523 3187 non
540 3150 640 3187 vocare
659 3131 774 3185 dorium
793 3151 872 3186 suam
888 3144 1026 3207 possunt,
1051 3144 1137 3204 atque
1162 3132 1228 3187 haec
1245 3153 1261 3186 a

233 3225 235 3229 ’
282 3220 364 3279 nobis
381 3229 483 3290 petunt
499 3222 602 3273 omnia·
636 3219 765 3270 Matthiae
778 3221 893 3288 explicat
911 3220 977 3274 sed:
994 3230 1083 3283 otest
1100 3219 1177 3278 illud,
1194 3219 1261 3288 quod

282 3318 361 3361 antea
376 3293 571 3367 illustravimus,
590 3300 678 3376 atque‘
694 3314 796 3358 tamen.
831 3306 864 3356 da
885 3309 959 3358 Orat.
974 3305 1008 3371 3,
1026 3303 1070 3370 33,
1089 3304 1151 3359 132.
1168 3317 1200 3357 ut
1217 3325 1259 3358 rre-

218 3408 226 3441 .’
282 3411 328 3447 rrso
354 3408 442 3464 genus
463 3392 619 3443 universum
645 3389 887 3461 complecteretur,
917 3401 1001 3462 atque
1021 3402 1052 3445 ut
1077 3390 1154 3444 alius
1176 3389 1261 3444 aliam

282 3476 338 3533 sibi
357 3485 480 3548 partem,
506 3476 535 3528 ir
558 3492 614 3544 qua
637 3473 811 3538 elaboraret,
836 3490 991 3548 reponeret.
1006 3492 1051 3549 ¹ne
1073 3477 1187 3546 accipias
1206 3495 1262 3528 cum

282 3562 412 3616 Matthiae
431 3577 480 3631 pro
497 3557 555 3612 red·
589 3559 637 3612 Est
653 3561 723 3611 enim
744 3571 771 3614 et
796 3563 853 3624 ita,
879 3573 907 3617 et
932 3554 1015 3625 hinc,
1039 3563 1098 3616 und
1120 3581 1172 3619 so:
1191 3563 1261 3632 quod

210 3702 213 3707 ,
282 3651 369 3718 ipsum
387 3645 496 3715 reliquis
513 3642 600 3696 vorbis
626 3661 784 3713 expressum.
820 3649 894 3699 Orat.
911 3646 963 3709 31,
979 3647 1041 3700 112.
1075 3651 1169 3717 Neque
1187 3649 1261 3700 aliter

210 3786 214 3792 ,
282 3734 312 3785 in
335 3733 402 3784 locis
428 3748 443 3783 a
470 3730 598 3782 Matthiae
622 3729 718 3782 allatis.
761 3731 793 3782 de
820 3734 893 3782 Orat.
918 3731 951 3796 3,
976 3732 1027 3799 36,
1054 3731 1114 3785 145.
1139 3733 1185 3786 ubi
1204 3732 1258 3794 sed,

266 3817 355 3889 ⁴quotl
382 3818 410 3870 iu
435 3827 519 3888 atque
540 3817 642 3871 frustra
668 3817 819 3887 quaeritur,
849 3816 933 3887 ipsum
959 3820 1046 3887 paullo
1070 3829 1133 3887 post
1149 3819 1260 3872 additur.

284 3904 389 3956 Caesar.
408 3905 438 3954 B.
456 3903 525 3956 Gall.
542 3900 568 3968 5,
586 3899 629 3953 56.
647 3903 675 3955 irs
691 3900 809 3955 consilio
832 3906 1007 3972 pronuntiet,
1024 3931 1058 3944 -
1076 3901 1130 3956 linc
1148 3908 1200 3958 iter
1211 3898 1261 3974 fa-

283 3999 391 4042 cturum
415 4007 465 4058 per
480 3987 557 4058 fines
587 3986 755 4049 Remorum,
782 4003 929 4058 eorumque
946 4007 1031 4060 agros
1047 3989 1261 4059 populaturum,

281 4095 317 4129 uc
340 4075 434 4146 prius,
459 4093 542 4147 quam
567 4072 598 4127 id
617 4067 732 4144 faciat,
757 4070 881 4126 Labieni
905 4083 997 4127 castra
1022 4086 1262 4145 oppugnaturum.

211 4220 214 4225 ,
282 4163 346 4225 Non
363 4159 413 4217 sed
432 4162 510 4233 prius
528 4158 703 4229 intelligitur,
721 4167 751 4210 ut
773 4157 879 4222 volunt,
899 4159 946 4213 sed
964 4169 993 4213 et
1010 4160 1077 4214 item
1092 4162 1183 4230 prius.
1208 4160 1262 4211 Cic.
