2618 4770
577 310 647 381 AD·
942 336 947 359 ’“
1055 318 1117 387 019

520 415 534 443 s
759 427 782 434 ,,

10 478 36 520 ι·
71 480 140 545 rum
158 462 305 559 plurimu
324 460 392 528 suis
416 461 502 543 iocis
525 463 594 531 ium
616 462 831 533 restituimus.
874 465 951 537 uid.
974 466 1114 535 Oudou—
1208 460 1210 467 ’

10 572 44 608 ne
79 551 164 640 desp.
187 551 229 615 ud
253 550 347 615 Cues.
363 548 401 614 B.
418 548 505 616 Gull.
521 553 561 631 5,
577 551 631 615 40.
653 554 693 632 8,
707 553 761 617 60.
788 553 882 633 Ques
900 552 1055 621 Dukcrus
1069 554 1114 623 ld

80 637 137 704 biv.
152 640 284 717 2,11,2.
301 634 444 698 eontulit
458 634 509 700 ad
521 635 726 720 custodian,
742 635 794 703 ad
807 635 1112 720 ludibrinnufinem

10 732 20 762 ²
88 723 219 789 iudicent.
229 716 1111 805 QuueDrukeuborcbiusedzwnulsertmbiresti-

87 808 220 873 tuendum
234 815 301 870 este
318 802 368 867 ad
374 817 583 871 crescentem
589 806 771 871 tumultum
783 808 858 873 iam
868 808 1112 877 monistirio-

91 895 127 959 oie
139 892 270 978 collega
285 889 499 955 eoncedente.
525 914 568 973 ‘eu
580 913 650 957 non
667 913 816 957 caussam
833 903 971 970 uolunt,
992 893 1112 961 scd-rui

91 979 279 1066 pucsentium
295 985 329 1039 et
337 976 566 1042 occisionem:
589 976 690 1042 veluti
704 976 820 1043 Front.
838 978 938 1045 Strui.
957 986 986 1053 1.
1004 980 1037 1058 6,
1056 982 1108 1046 16.

61 1106 64 1111 ·
90 1060 387 1129 odnooitate'mrei
409 1061 540 1126 laxatis
556 1060 746 1128 ordinibus.
769 1063 792 1128 i.
808 1086 839 1128 e.
869 1061 923 1129 bei
937 1063 1000 1129 der
1013 1061 1109 1130 Neo-
1145 1120 1146 1124 .
1191 1145 1194 1148 ψ

61 1150 146 1229 ddi
164 1146 397 1214 Plin.'Hist.n.
414 1150 445 1226 8,
465 1147 515 1227 14,
532 1151 585 1212 61.
602 1147 653 1212 acl
666 1170 787 1213 casum
801 1149 873 1214 eius
889 1149 1008 1216 tellure
1023 1170 1106 1215 con·
1137 1200 1139 1203 ψ
1186 1172 1188 1178 ⁴
1256 1164 1257 1168 ’

87 1222 171 1300 ossio.
205 1234 229 1297 i.
245 1255 287 1298 e.-
305 1228 360 1295 bei
382 1232 511 1296 seinem
523 1231 637 1297 Folle.
668 1232 727 1300 ef.
740 1254 779 1298 su
804 1255 841 1298 ru
855 1256 892 1322 p.
908 1239 962 1300 96.
985 1233 1107 1316 ltus,

10 1369 15 1398 s
84 1324 104 1385 1.
116 1321 144 1386 6.
160 1329 256 1384 untee
273 1317 309 1405 p.
328 1320 401 1382 101.
417 1316 506 1381 ellut.
536 1316 576 1381 Iu
593 1318 684 1382 Cues.
705 1317 745 1387 Β.
771 1256 857 1384 gell.
874 1319 914 1401 6,
931 1322 1107 1408 40911111·

10 1474 12 1484 ,
80 1426 198 1492 umque
216 1401 267 1468 ad
277 1401 433 1489 proximi
447 1400 520 1466 diei
528 1404 824 1491 oppugnationem
837 1426 921 1489 opus
937 1415 1026 1479 stent,
1042 1427 1108 1473 no·

10 1539 13 1547 .
33 1538 36 1549 .
78 1502 116 1553 eta
130 1497 389 1588 comparantur.
407 1486 552 1574 intellige
567 1487 608 1552 ud
628 1510 649 1552 ο
675 1489 914 1576 pugnationem
928 1488 1106 1576 perficien-

75 1575 145 1640 dum.
166 1576 239 1639 le.
258 1579 287 1648 1,
309 1576 341 1654 7,
359 1576 391 1636 7.
416 1594 518 1670 quorun
532 1583 633 1637 actae
649 1510 745 1638 iores
760 1573 931 1661 quaedam
946 1574 995 1639 ad
1007 1565 1105 1642 desi-

10 1710 14 1731 .-
75 1659 204 1736 derittm,
226 1653 339 1744 utflt,
360 1654 562 1721 relictarum
575 1659 775 1746 mugisoent,
797 1680 867 1723 nou
888 1670 938 1723 est
952 1682 993 1724 ex
1011 1658 1105 1725 desi·

10 1818 12 1825 ,
73 1745 153 1811 derio
175 1766 240 1809 nee
255 1753 402 1831 propter
422 1741 649 1826 desiderium,
679 1743 737 1807 sed
755 1754 792 1807 ut
815 1742 957 1809 vidimus
982 1765 1016 1830 p.
1032 1748 1106 1812 112.

63 1852 120 1917 pro
133 1827 320 1897 desiderio.
339 1826 431 1892 Cues.
447 1826 486 1891 Β.
503 1827 633 1910 (11117,
647 1830 705 1894 et.
721 1829 883 1915 exiguum
896 1828 965 1893 loci
978 1827 1028 1893 ad
1043 1827 1105 1894 de·

62 1915 247 1981 diritatem
251 1910 443 2000 fastigium
458 1935 627 2000 magnum
639 1911 742 1979 halet
760 1923 980 1978 nwmentum.
996 1912 1107 2000 expli·

60 2006 131 2065 cnut
154 1999 198 2065 ob
220 1998 467 2078 declivitatem,
491 1998 582 2085 quud
603 1998 740 2062 Vossius
762 1999 1003 2063 restituendum
1019 2019 1107 2063 eeu·

57 2086 139 2150 suit:
163 2085 218 2148 ciii
237 2085 275 2148 in
301 2082 547 2148 declivitatem.
590 2081 657 2147 Sed
671 2084 833 2147 sententie
847 2081 927 2148 haec
944 2093 1011 2149 estc
1031 2082 1106 2149 exi·

37 2164 40 2169 ’
98 2192 159 2234 um
175 2169 363 2256 fastigium,
387 2164 489 2254 quum
506 2168 606 2232 simul
621 2168 744 2233 declive
759 2176 853 2249 esset,
875 2190 1034 2255 maguum
1044 2167 1108 2233 hu·

46 2192 166 2320 'diluisse
176 2264 401 2319 momentum.
423 2252 494 2315 Nos
505 2252 562 2317 die
571 2250 625 2321 bei
633 2251 1108 2341 derAbscln'issigkeitgerin-
1145 2253 1148 2257 ’

83 2340 228 2406 eHolce.
256 2338 366 2403 Semel
386 2359 502 2403 vertum
526 2340 699 2427 perspexit
726 2338 944 2425 Oudendorp.
967 2341 1004 2404 iu
1020 2337 1107 2409 Bell.

54 2365 225 2493 0111116.
251 2424 291 2487 in
309 2425 401 2488 Caes.
418 2421 457 2485 B.
472 2423 533 2485 civ.
552 2424 592 2504 3,'
608 2428 661 2489 88.
678 2423 805 2533 aliquae
821 2425 980 2489 editiones
994 2422 1107 2490 neseis
1197 2481 1201 2492 Ι

32 2511 146 2576 unde
171 2511 314 2590 hubent,
338 2511 441 2595 qucim
457 2506 507 2571 ad
520 2530 691 2573 caussam.
719 2511 839 2574 Lueser
857 2509 993 2595 scripsit
1003 2529 1108 2596 quam

53 2595 97 2660 ob
111 2618 284 2674 caussam,
301 2614 503 2680 quemquam
519 2593 600 2656 illud
615 2593 758 2660 fortusse
773 2593 904 2660 defendi
917 2604 1040 2680 potest,
1049 2591 1108 2660 sed

55 2683 143 2755 ulio,
171 2703 269 2766 quem
295 2703 330 2767 p.
359 2681 430 2742 115.
453 2677 617 2756 vidimus,
638 2702 749 2745 sense.
772 2679 842 2757 [iv.
859 2685 891 2758 2,
908 2685 940 2758 3,
956 2683 987 2744 6.
1012 2690 1107 2744 tam-

25 2844 30 2850 ,
55 2789 162 2854 poam
190 2764 311 2839 adid,
335 2761 426 2851 quood
442 2763 506 2848 agi
524 2761 720 2846 ridebatur,
741 2763 927 2829 coniectes
942 2760 1108 2831 nobilium

56 2851 327 2919 adolescentium
352 2849 499 2912 animos
505 2861 720 2934 pertentant.
749 2850 785 2914 in
809 2848 926 2934 quibus
940 2849 1107 2936 interpre-

56 2947 108 2999 tes
134 2935 275 2999 mirifice
300 2932 506 2997 vacillabunt.
535 2933 647 2999 Brevis
665 2945 715 3000 est
730 2934 837 2997 oratio
852 2956 915 3022 pro
932 2955 993 3014 eu,
1016 2934 1108 3031 quud

58 3021 238 3086 dicendum
259 3029 346 3098 erut,
373 3029 455 3082 tum(
470 3039 545 3082 uum
566 3020 607 3082 ud
624 3020 659 3082 id
675 3019 856 3118 egendum,
881 3019 972 3104 quod
988 3041 1041 3106 ug!
1055 3018 1107 3085 vi·

57 3106 209 3185 debetur,
224 3105 416 3169 ambientes.
438 3041 579 3168 (lectore
590 3103 640 3167 ad
651 3103 785 3192 aliquid
800 3104 888 3168 idem
907 3112 1026 3190 putent
1038 3125 1109 3170 esse

56 3193 148 3278 quod
167 3203 299 3266 certare
316 3189 434 3277 aliqua
451 3212 507 3253 re:
528 3190 639 3254 Plane.
656 3190 697 3255 ud
707 3190 776 3254 Cic.
792 3189 898 3277 Epist.
915 3193 965 3268 10,
974 3192 1005 3252 8.
1017 3211 1107 3274 pro·
1163 3224 1164 3228 ¹

57 3278 211 3341 vinciam
232 3275 384 3339 omnium
407 3275 584 3338 ciuitatum
606 3297 768 3339 consensu
782 3274 1053 3360 paratissimam
1073 3284 1107 3338 et

56 3383 195 3425 summa
209 3360 422 3423 contentione
437 3357 486 3421 ad
499 3356 543 3508 ris
557 3357 619 3423 'cia
633 3370 831 3425 certantem.
848 3381 927 3423 uum
938 3358 1107 3423 Ernestius

58 3448 307 3533 interpretetur,
331 3441 469 3540 officiis.
500 3443 507 3466 '
532 3442 605 3506 ecit.
626 3444 712 3508 Hist.
736 3449 768 3525 2,
791 3448 844 3507 97.
870 3445 975 3508 trium
995 3443 1108 3530 tegio-

60 3553 142 3594 num
169 3531 283 3616 legati
288 3551 408 3676 bpares
432 3550 506 3592 corre
524 3540 557 3590 et
566 3529 742 3614 prosperis
762 3527 901 3592 Vitellii
918 3527 1014 3594 rebus
1030 3548 1107 3592 cer-

56 3615 170 3682 taturi
187 3614 245 3678 -ad
267 3637 287 3677 o

56 3723 123 3788 qno
144 3696 393 3763 detrectabant.
426 3698 623 3784 quibuscum
646 3696 750 3763 aliene
775 3697 981 3784 comparavit
1005 3695 1107 3760 Wel-

38 3785 155 3851 chius
185 3785 220 3848 iu
245 3784 388 3849 Emend.
410 3785 480 3848 Liv.
504 3806 539 3870 p.
557 3784 612 3851 24.
643 3784 711 3849 Sed
733 3806 805 3848 non
832 3784 958 3850 diversa
980 3782 1108 3846 videtur

57 3892 131 3936 esse
153 3869 240 3933 ratio
267 3879 365 3954 etque
389 3870 424 3933 in
443 3869 548 3932 Tacit.
569 3872 654 3933 Anu.
687 3876 725 3950 1,
751 3869 806 3933 71.
844 3866 892 3931 ad
913 3862 1109 3958 supplenda
1188 3944 1193 3957 .

43 3956 228 4020 ‘exercitus
254 3954 386 4019 damna
409 3965 581 4026 certauere
604 3954 763 4030 Galliae,
794 3952 1000 4036 Hispaniae,
1028 3950 1108 4016 Ita·

57 4042 124 4105 lia.
168 4037 365 4126 intelligitur
385 4041 497 4124 enim,
518 4039 560 4107 ud
580 4039 691 4108 officie
710 4035 928 4130 praestanda,
950 4037 992 4119 ud
1008 4056 1112 4126 pree-'
1190 4106 1192 4110 .

59 4125 219 4192 standum
242 4124 449 4214 obsequium.
896 4165 898 4168 -
976 4160 978 4167 ι
1044 4149 1046 4153 ’

308 3615 469 3701 sequium,
490 3613 672 3678 aduersam
697 3615 768 3679 eius
783 3610 967 3701 fortunam
987 3636 1028 3678 eor
1044 3633 1108 3675 ae-
