2648 4762
223 336 288 405 560
657 322 831 397 Avulsit.-

222 487 402 578 scriptores
418 506 492 551 eam
511 478 718 571 frequentius
736 466 997 579 usurpabantl‘ad
1013 484 1217 571 opponenda
1229 502 1279 579 ea,

222 596 307 677 quae
324 574 385 639 sibi
400 570 565 641 adversari
582 566 792 647 viderentur,
816 575 882 681 aut·
893 566 1014 653 quibus
1031 579 1106 637 ante
1118 570 1211 637 diota
1225 590 1281 640 re·

221 664 412 729 ircerentur.

325 774 503 847 Heusingerns
519 770 548 826 in
565 770 636 826 notis
653 768 688 824 ad
704 768 759 824 cic.
777 766 811 825 de
830 767 908 824 offic.
925 766 1019 838 libros,
1034 766 1150 828 Woliins
1168 776 1205 829 ad
1221 772 1279 845 Ἔα..

290 866 337 921 cit.
353 868 403 917 An.
422 864 453 924 1,
472 860 499 913 8.
515 856 725 913 adversativam
749 854 884 925 appellant
903 854 1068 927 particulam
1099 856 1280 933 'Centaurica

289 952 335 1022 qui
352 950 386 1002 ad
407 946 504 998 multos
528 940 665 996 Ciceronis
684 940 758 995 locos
784 930 936 1011 primariam
959 942 1033 997 illam
1056 942 1279 1014 significatiom

288 1016 437 1091 observavit¹
465 1038 597 1099 tamquam
627 1026 787 1097 peculiarem
812 1034 841 1079 ct
864 1044 943 1097 saepe
970 1027 1076 1099 quidem
1089 1024 1232 1101 'ob'viat'n3'
1245 1030 1278 1087 01,

287 1122 341 1175 lsoc
367 1115 538 1168 fundamento
566 1108 700 1183 proficisci
729 1108 838 1178 debuit,
865 1128 1019 1186 omnemque
1043 1114 1118 1169 nsun't
1143 1115 1180 1171 ,d
1195 1124 1277 1173 ,mm

287 1206 358 1258 hanc
374 1198 512 1252 notionem
527 1198 638 1271 referre.
1186 1208 1189 1215 .

240 1364 243 1369 ¹
321 1299 447 1357 Germani
464 1284 544 1373 quum
562 1296 720 1371 particulam
737 1294 854 1353 reddunt
880 1316 928 1369 per
951 1293 1035 1369 ster,
1061 1309 1174 1359 utuntur
1190 1270 1274 1363 voci·

221 1446 225 1451 ,
285 1390 368 1457 bulo,
383 1388 455 1458 quod
470 1386 579 1459 proprie
595 1384 727 1454 significat
746 1374 803 1452 ord,
829 1400 939 1453 rasus,
965 1382 1045 1439 sicuti
1064 1380 1192 1444 dicebaut
1211 1392 1276 1447 olim

287 1472 431 1541 adsemel,
447 1471 506 1527 und
522 1468 598 1527 aber·

299 1590 371 1659 Iam
397 1584 576 1681 particulae
600 1604 715 1671 usum,
743 1578 819 1675 qui,
849 1579 936 1673 apud
960 1580 1188 1691 philosophos·
1204 1585 1275 1661 fra·

240 1681 470 1753 urentissimus,
502 1673 690 1740 oratoribus
713 1680 745 1737 et
768 1672 940 1757 historicis·
958 1682 1029 1737 'non
1044 1674 1108 1739 nisi
1122 1674 1158 1740 iu
1176 1683 1273 1746 certis

217 1702 418 1833 dictionibus
435 1760 632 1851 quibusdem
646 1754 821 1845 placuit‚·a
838 1758 941 1843 poetis
953 1769 1064 1823 autem
1079 1760 1273 1852 et¹olr·pro-

216 1862 272 1917 soe
299 1848 459 1916 orationis
476 1841 734 1934 proprietatem,
756 1851 788 1908 et
803 1840 848 1907 ob
861 1842 1011 1908 formam
1025 1843 1178 1914 vocabuli
1197 1868 1273 1917 vera

216 1938 307 2004 tibus
331 1934 542 2001 conficiendis
564 1948 684 2019 parum
712 1926 867 1994 idoneam
896 1926 968 1994 iera
995 1931 1183 2020 respuitur,
1212 1958 1273 2024 per

214 2022 358 2112 singulas
371 2028 481 2109 partes
500 2033 749 2106 persequamur.

298 2159 324 2227 Ι.
349 2164 378 2227 1.
398 2160 444 2225 Ac
460 2158 572 2246 primo
588 2138 729 2235 lituum,
749 2146 1098 2242 nti'ipsaeiusiorma
1113 2151 1270 2246 declarat,

215 2270 288 2317 rem
298 2247 440 2334 opponit
456 2245 510 2309 alii
524 2246 572 2309 rei
588 2265 663 2308 cum
673 2239 818 2326 quodam
831 2239 1051 2323 distinctionis
1060 2242 1269 2330 atqueuffir-

211 2335 367 2407 motionis
391 2328 613 2395 adminiculo:
635 2319 727 2424 quod
744 2348 809 2391 nos
832 2322 971 2391 dicimus
993 2321 1159 2421 dagegere
1175 2330 1267 2401 eben,

214 2418 343 2501 Quibus
361 2416 466 2482 verbis
486 2434 589 2499 quum
614 2423 675 2477 etia
735 2409 741 2425 '
784 2407 979 2498 explicanda
993 2410 1156 2499 particula
1173 2416 1268 2507 ‘atqui

208 2524 290 2579 ,usus
306 2502 387 2578 sim,
409 2500 464 2565 hic
480 2520 614 2565 sensum
629 2498 716 2585 prim
744 2499 834 2562 ivum
850 2492 940 2562 verbi
955 2494 1065 2581 latini,
1081 2517 1155 2567 nou
1170 2520 1266 2573 usum

212 2589 396 2675 germanici
410 2586 563 2671 respicio.
600 2585 661 2651 Est
678 2583 780 2670 igitur
795 2581 1012 2648 autemidem
1028 2583 1100 2651 iere
1142 2586 1211 2653 uod
1229 2601 1266 2657 ct

210 2674 350 2765 ,quidem
374 2672 455 2759 (vid.
486 2695 517 2757 p.
543 2670 652 2756 449.),
680 2668 737 2734 sed
762 2666 1063 2755 gratiusqust1ss‘
1116 2610 1183 2738 dex
1204 2689 1266 2743 nt.-

211 2781 292 2827 nam
308 2758 452 2845 quadam
472 2779 515 2821 ex
528 2764 623 2843 parte
638 2776 744 2841 prope
760 2754 881 2819 accedit
897 2753 939 2819 ad
956 2767 994 2819 at
1008 2778 1101 2821 vero.
1182 2754 1265 2828 Faffci

211 2846 247 2911 di
260 2842 298 2926 δὴ
314 2846 444 2916 dicunt.
465 2841 639 2907 Demosth.
660 2838 800 2925 Olynth.
820 2844 852 2905 2.
870 2861 903 2926 p,
918 2845 970 2904 22.
990 2851 1056 2905 ext.
1080 2844 1111 2906 οἱ
1132 2838 1265 2925 piceis

207 2928 318 2997 πολλοὶ
341 2926 536 2995 Μακεδόνων
557 2964 616 3004 -,
645 2926 675 2988 oi
695 2924 729 2989 δὲ
752 2922 789 3006 ds}
812 2927 880 3008 saepi
902 2920 995 2991 odada
1010 2922 1094 3003 ὅντες
1109 2928 1262 3007 ξένοι-.

206 3016 303 3082 Hanc
328 3013 531 3103 primitivam
555 3008 829 3099 significationem
851 3012 886 3075 in
909 3007 948 3075 iis
971 3010 1264 3100 agnoscimus,„in

206 3101 332 3188 -quibus
349 3098 576 3167 confirmativa
592 3095 640 3161 vis
656 3095 761 3183 magis
777 3094 893 3161 elucet.
930 3094 995 3161 Sed
1009 3116 1114 3183 quum
1128 3098 1187 3167 illa
1201 3126 1223 3171 o
1306 3168 1309 3173 ,

205 3187 355 3276 positiva
379 3192 543 3273 potestus,
565 3204 664 3270 quam
688 3185 837 3269 primum
851 3188 1055 3267 spectamus,
1083 3181 1120 3249 in
1134 3181 1188 3253 his
1202 3130 1264 3259 sis:

214 3284 375 3360 quantum
389 3270 609 3359 reprimatur,
630 3265 720 3333 infru
735 3270 798 3333 erit
812 3265 978 3353 agendum
994 3268 1035 3333 de
1048 3266 1112 3335 huc
1124 3293 1174 3338 re·

243 3410 246 3415 '
314 3406 369 3461 Cic.
376 3404 457 3459 Acad.
465 3407 491 3472 2,
499 3404 543 3471 28,
551 3402 593 3459 91.
607 3403 634 3458 ri
646 3401 715 3458 dccc
730 3397 865 3459 ethorum
874 3398 980 3460 similia
990 3399 1105 3479 iudicat,
1120 3400 1262 3482 dersipsa

215 3494 219 3503 '
279 3494 396 3550 iudicat.
417 3492 483 3546 Plus
500 3502 594 3545 autem
609 3487 807 3562 pollicebatur.
826 3491 942 3559 Iutelligi
951 3490 1161 3561 potestatam.
1180 3496 1261 3549 Glos-

279 3594 366 3630 aarum
382 3584 502 3628 auctores
518 3575 546 3627 in
559 3572 676 3643 Digestis
691 3592 745 3627 non
764 3574 845 3628 semel
860 3572 1106 3644 interpretationem
1124 3592 1260 3649 apposue-

274 3670 339 3715 runt
356 3672 444 3725 certe,
464 3672 494 3712 ut
512 3658 563 3724 81,
581 3659 614 3725 3,
634 3655 677 3711 97.
699 3658 751 3724 37,
768 3654 803 3725 4,
822 3658 855 3727 8,
875 3658 898 3713 1.
925 3657 977 3712 vid.
995 3658 1127 3714 Barbosns
1145 3660 1260 3717 tristior.

277 3762 326 3797 usu
343 3746 476 3815 frequent.
496 3764 522 3814 p.
541 3740 601 3795 626.
643 3742 775 3796 Strauchii
795 3744 885 3799 Lexic.
912 3742 1035 3800 Particul.
1060 3764 1081 3797 s.
1099 3743 1171 3800 list.
1189 3764 1216 3801 n.
1234 3744 1260 3802 8·

277 3830 356 3893 Quod
373 3837 483 3883 narrant
500 3827 645 3880 lexicorum
662 3838 894 3896 auctores,aatem
909 3826 937 3881 in
950 3826 1081 3882 sententia
1097 3829 1163 3900 poni
1173 3848 1259 3903 posse,

278 3928 345 3982 qnae
363 3914 512 3967 orationem
531 3909 659 3982 incipiat,
685 3914 758 3967 nulla
776 3912 985 3966 antecedentiam
1002 3916 1187 3984 oppositione,
1210 3919 1260 3970 ab·

201 3996 205 4003 '
278 3996 384 4050 surdum
404 4005 453 4050 est.
487 3998 519 4048 In
539 3997 593 4050 Cic.
618 3998 652 4050 ad
671 4000 725 4060 Att.
749 3995 783 4062 9,
803 3995 844 4050 11.
863 4016 931 4051 nnnc
949 4000 1073 4052 restituta
1097 4006 1140 4052 est
1156 4000 1259 4071 episto-

204 4080 209 4113 ²
273 4080 358 4135 larum
374 4080 462 4136 forma
479 4090 507 4135 et
523 4100 614 4134 nexus.
634 4079 709 4151 Apud
726 4081 867 4151 leianism
882 4070 985 4154 Digest·
1001 4082 1037 4140 37
1044 4119 1053 4150 ,
1073 4080 1109 4153 4,
1124 4080 1153 4144 8.
1171 4089 1259 4145 oratio

274 4167 309 4219 ad
325 4168 455 4235 edictam,
473 4168 545 4238 quod
564 4166 731 4235 illustretur,
747 4178 857 4238 spectat.
