2618 4770
452 174 461 210 <
534 164 537 177 .

412 319 636 411 ,nTQvu-
661 286 761 419 snus
895 370 897 379 ,
1044 329 1115 396 uss

123 478 170 554 fit
188 475 385 556 significatio,
402 481 546 549 atqneita
564 468 643 531 suas'
654 488 769 549 uterque
797 483 895 551 copias
914 476 1028 538 reducit.
1061 481 1114 536 Ar-

11 574 35 623 ’,
127 588 180 639 qrse
196 571 227 635 in
248 567 346 619 castris
370 563 498 618 Curionis
520 582 636 636 maguus
653 567 777 618 omnium
796 568 909 622 incessit
926 569 1027 620 timore
1048 587 1114 622 nam

129 657 155 708 is
172 653 260 719 variis
275 650 417 704 hommum
439 647 612 715 sermonibus
631 649 757 704 celeriter
776 663 901 724 augetur.
936 656 977 704 Ita
1000 639 1113 708 codices.

124 740 174 791 Est
189 753 252 789 vero
277 746 360 806 atque
380 734 469 790 adeo.-
486 734 524 785 ⁴id
542 735 613 804 quod
636 734 782 803 requiritur
807 755 855 804 per
875 755 951 805 eam,
977 757 1043 808 quae
1061 739 1112 791 ad-

123 807 260 889 iungitur,
286 821 457 875 sententiam:
484 839 549 872 nam
576 822 603 874 is'
623 847 659 860 -
682 830 807 890 augetur.
851 822 930 873 Ovids
951 824 1061 876 Heroid.
1087 823 1115 893 1ἣ
1191 859 1193 863 .
1242 840 1249 851 ·

125 908 169 960 28.
194 905 240 959 illi
264 908 339 958 vieta
358 909 415 959 suit
443 905 531 960 Troia
542 901 618 975 fata
639 917 753 960 canunt.
770 931 804 945 -
824 905 919 979 Atque
936 907 1044 981 aliquis
1060 925 1112 980 po·
1162 964 1165 968 ,

125 996 182 1046 sita
199 1000 336 1043 monstrat
351 986 423 1059 fera
441 989 677 1068 proeliamensa‚
696 992 793 1060 pingit
812 1004 840 1043 et
858 995 959 1063 exiguo
976 988 1112 1065 Perg‘ama
1173 1034 1174 1039 ,

127 1087 190 1130 tota
207 1092 299 1128 meror
318 1075 362 1126 ubi
380 1078 541 1126 Burmannus
560 1074 716 1142 scripturam
735 1079 844 1146 iamque
862 1077 975 1128 debe‘bat
990 1079 1112 1134 reiicere.

159 1180 218 1231 Hoc
250 1189 338 1230 autem
363 1196 439 1228 seusu
463 1197 541 1248 saepe
566 1178 735 1245 coniungitur
762 1197 819 1230 cum
846 1182 978 1233 vocabulis
1005 1192 1110 1248 tantas,
1141 1208 1143 1217 ν

127 1283 219 1334 saepe,
242 1263 324 1313 veluti
342 1264 416 1314 Caes.
435 1264 506 1316 Reli.
521 1265 590 1314 Gall.
608 1261 642 1328 5,
661 1260 703 1312 55.
720 1260 755 1327 6,
772 1261 816 1315 43.
846 1267 897 1317 Sed
916 1266 948 1330 6,
966 1262 1010 1318 41.
1031 1267 1109 1318 codi-

127 1369 170 1402 ces
186 1349 301 1417 quiuque
319 1357 455 1415 praestant
473 1357 505 1400 at
523 1360 636 1401 tantus:
661 1362 722 1397 nam
740 1347 808 1399 nihil
825 1350 976 1418 praecedit,
997 1369 1048 1419 quo
1068 1369 1110 1416 ea,
1160 1410 1162 1415 ¹
1210 1385 1212 1391 ·

126 1454 192 1504 quae
210 1441 370 1502 sequuntur,
396 1432 498 1500 aequali
517 1434 622 1485 ratione
642 1435 802 1486 referantur.
837 1435 942 1486 Gornel.
963 1433 1118 1500 Hann.13,

126 1523 153 1576 2,
180 1530 264 1590 atque
292 1515 336 1570 liic
353 1526 448 1568 tantus
473 1521 517 1572 vir
541 1522 684 1592 tantisque
701 1517 786 1574 bellis
809 1517 954 1576 districtus
980 1519 1110 1575 nonnihil

56 1676 58 1678 η
127 1606 263 1676 temporis
278 1599 376 1656 tribuit
395 1600 508 1658 litteris.
1153 1590 1155 1596 λ

143 1713 194 1772 10.
222 1706 314 1770 Hanc
339 1703 571 1776 affirmativam
592 1706 770 1794 particulae
784 1709 872 1788 vim,
895 1730 995 1796 quam
1009 1729 1110 1794 supra
1136 1709 1200 1789 be,
1215 1680 1300 1807 lup·

59 1799 109 1883 (p.
120 1795 208 1872 466.)
220 1793 254 1853 in
269 1789 461 1867 notionibus
478 1792 694 1880 singularibus
713 1794 960 1872 illustravimus,
981 1817 1016 1858 1n
1031 1816 1110 1857 sen·
1148 1817 1152 1823 ·

56 1880 168 1944 tentiis
184 1878 223 1941 iis
239 1877 468 1962 agnoscimus,
489 1880 626 1964 quibus,
653 1879 710 1965 qui
726 1882 932 1981 Qffldet,
955 1901 1027 1944 rem
1052 1879 1108 1954 ita,

57 1967 109 2029 uti
133 1964 214 2028 alter
243 1962 388 2043 dixerat,
418 1985 453 2026 se
469 1962 610 2044 habere,
641 1987 711 2028 nou
733 1964 932 2052 negaffiid
953 1964 1098 2029 affirmat
1136 2042 1138 2047 Ι

59 2049 233 2138 additque,
260 2047 351 2133 quod
377 2048 460 2112 illud
481 2051 586 2136 magis
604 2051 793 2129 constituat.
840 2011 1115 2130 Quare'idiiitbi

57 2138 159 2201 etiam
173 2135 245 2215 ita,
269 2134 359 2197 citius
375 2133 606 2221 significationi
625 2136 697 2223 ipsa
711 2136 872 2224 particuli
890 2135 1085 2226 respondet.

113 2224 270 2307 Weiss.
293 2256 360 2305 Eun.
384 2253 469 2318 4,6‚
488 2255 530 2308 19.
557 2255 652 2328 Egon*
666 2254 901 2326 sorrnidulosus?
922 2255 1042 2309 nenco'st
1059 2253 1109 2307 lto·
1203 2270 1205 2274 ⁴

128 2344 248 2401 minum,
269 2341 316 2410 qui
341 2341 437 2405 vivat,
455 2344 554 2395 minus.
589 2359 631 2393 nn.
659 2343 752 2412 Atque
773 2346 815 2395 ita
839 2360 912 2412 opus
935 2351 985 2395 est.
1021 2340 1109 2391 Plaut·
1167 2383 1171 2393 .

127 2427 221 2481 Bacch.
248 2424 279 2485 1,
304 2425 336 2490 1,
363 2422 406 2479 52.
445 2443 470 2477 Ρ.
501 2425 632 2496 Rapidus
651 2425 761 2496 flavius
782 2438 824 2482 est
843 2427 906 2482 hice
923 2445 979 2479 non
999 2425 1052 2478 isac
1069 2435 1109 2478 te·

127 2534 199 2567 mere
217 2512 330 2566 transiri
352 2519 454 2581 potest.
486 2531 544 2566 nac.
558 2513 660 2583 'Atque
681 2524 788 2565 ecastor
807 2513 885 2584 apud
903 2511 974 2565 bunc
984 2508 1110 2580 flavium

55 2623 57 2627 ¹
127 2595 439 2668 aliquidperclundum
467 2609 509 2651 est
539 2595 599 2651 ribi.
636 2599 738 2648 Curcul.
762 2596 794 2663 4,
814 2596 910 2662 4,15.
938 2616 980 2649 rn.
1000 2593 1109 2650 Mihin’

127 2682 233 2743 malum
242 2683 396 2735 minitare?
420 2699 460 2734 cn.
476 2681 570 2754 Atque
584 2680 686 2749 edepol
703 2701 760 2734 non
779 2681 940 2746 minitabor‚
956 2680 1006 2734 sed
1024 2679 1109 2741 dabo.

161 2790 269 2839 Terent.
286 2785 368 2836 Andr.
384 2785 418 2847 2,
435 2785 469 2851 2,
485 2784 529 2839 33.
555 2782 689 2839 liberatus
716 2802 777 2837 sum
804 2782 903 2846 bodie,
933 2785 1031 2846 Dave,
1059 2795 1109 2838 tua

128 2893 224 2944 opera.
258 2887 301 2922 nu.
325 2870 368 2924 Aa
385 2869 479 2923 nullus
493 2871 614 2940 quidem.
648 2875 688 2923 Ita
705 2871 779 2939 loqui
799 2880 905 2940 poterat
922 2871 1020 2922 ridens.
1045 2872 1108 2921 Post
1198 2920 1201 2929 ,

126 2961 169 3015 Aa
189 2966 354 3026 exspectatur
369 2955 541 3019 vocabulum,
567 2975 619 3026 quo
638 2957 769 3008 sententia
786 2957 943 3008 antecedens
964 2955 1107 3006 confirma-

125 3057 183 3097 tur:
206 3043 323 3112 seqnitur
342 3041 370 3091 in
390 3041 485 3094 festiva
506 3044 627 3094 oratione
644 3044 813 3094 contrarium.
829 3048 830 3051 ’
849 3041 925 3096 Nihil
942 3040 1024 3107 igitur
1042 3055 1107 3109 opus

126 3141 185 3183 erat
203 3118 336 3195 corrigere
355 3136 394 3179 at.

142 3238 194 3296 11.
229 3230 272 3294 Et
294 3229 432 3328 ponitur
457 3231 614 3319 particula
636 3229 701 3294 hoc
723 3229 846 3309 modo,
871 3229 928 3294 ubi
950 3229 1002 3294 vel
1024 3228 1107 3302 aliis,

56 3319 108 3386 vel
125 3317 222 3382 nobis
239 3316 319 3402 ipsis
339 3315 559 3380 dubitantibus
586 3316 766 3402 aliquidne
779 3316 1031 3401 veraevenisse
1053 3312 1106 3398 uel

53 3390 129 3470 'esse
145 3397 371 3489 affirmamus,
394 3403 483 3488 quod
506 3403 660 3489 suspicati
678 3423 807 3466 eramus
828 3412 932 3466 antea.
976 3400 1125 3496 {genez

56 3486 291 3575 mnr‘153‘''21·u0d
305 3488 536 3574 coniungitur,
557 3489 641 3552 ratio
656 3491 724 3551 iam
738 3488 864 3553 anobis
880 3480 1030 3572 expo'srta
1047 3495 1107 3548 est.

161 3609 246 3659 Plauti
263 3609 344 3660 Stich.
363 3606 398 3674 4,
415 3607 446 3672 2,
462 3606 489 3659 4.
513 3605 570 3661 Seri
587 3605 705 3660 videone
722 3628 773 3680 ego
795 3606 1028 3678 Pamphilippum
1047 3624 1107 3658 cum

127 3691 219 3763 fratre
246 3692 433 3764 Epignomo?
454 3704 539 3766 atque
564 3696 588 3748 is
613 3705 664 3747 est.
683 3695 718 3760 ja
736 3714 764 3747 er
783 3697 820 3748 ist
838 3711 875 3745 es·
911 3692 1019 3742 Trueul.
1034 3678 1107 3752 ’1,1,

125 3779 168 3831 24.
191 3778 383 3833 Dinarclrunae
401 3777 461 3831 illic
480 3779 544 3832 esti
569 3791 653 3851 atque
673 3780 696 3831 is
714 3791 763 3832 est.
797 3782 867 3830 Pers.
885 3775 919 3839 5,
936 3777 968 3842 2,
985 3774 1029 3828 48.
1050 3778 1108 3829 iam

127 3875 224 3926 tace0,
242 3862 338 3917 ltercle.
376 3858 473 3937 Atque
496 3875 528 3917 tu
554 3865 639 3920 Persa
664 3883 702 3918 es.
733 3866 751 3916 i.
768 3856 790 3915 e.
821 3880 851 3913 re
876 3881 939 3914 vera
956 3873 984 3913 tu
1004 3863 1061 3931 ipsa
1079 3880 1108 3913 es
1161 3904 1164 3909 .

130 3951 217 4000 Persa.

174 4032 346 4084 Coniunctum
370 4050 429 4085 oum
453 4053 520 4089 sane
546 4038 650 4088 Sallust.
677 4039 732 4101 Ing.
758 4033 792 4100 7,
819 4029 844 4083 5.
874 4052 907 4085 ac
926 4052 1009 4096 sone,
1034 4029 1109 4104 quod

131 4113 334 4190 difficillimam
360 4121 390 4172 in
414 4123 513 4190 peinais
537 4137 596 4185 est,
634 4129 662 4175 et
685 4118 795 4191 proelio
820 4128 946 4174 ebenum
973 4126 1050 4181 erat,
1080 4125 1110 4171 et

130 4201 219 4260 bonas
239 4201 367 4259 consilio.
1034 4199 1037 4209 '
