2648 4762
363 1266 495 1378 vla'o
537 1248 805 1375 mersam
841 1376 850 1395 ,,

59 1511 576 1606 GODOFREDO
633 1511 1101 1612 HERMANNO

75 1699 176 1753 norm
192 1701 330 1743 ΙΔΧΘΜῦθ
354 1699 531 1739 lauressam
553 1699 586 1737 m
609 1698 755 1737 Aornum
771 1699 910 1739 malumst
925 1701 1085 1747 numanum

351 1795 515 1837 somma
531 1793 661 1833 “0⁴80ss
678 1791 812 1833 ranem

539 1967 569 2022 S.
591 1967 624 2020 n.

242 2151 635 2224 FERDINANDVS
664 2148 912 2222 HANDIVS.
949 2148 967 2185 ⁴

61 2278 95 2345 ·
427 2372 731 2390 ...Ἣ

139 2534 254 2608 Vtrum
267 2510 435 2639 diffieilior
447 2554 547 2625 esset,
573 2552 698 2632 gratam
719 2534 815 2606 animi
831 2545 969 2605 mentem
989 2538 1022 2607 in
1041 2562 1099 2632 pe⁴

34 2669 146 2731 ,etore
158 2669 354 2755 reprimere,
372 2693 412 2737 an
431 2671 462 2737 in
479 2669 671 2738 declarando
685 2669 750 2735 hoo
766 2690 862 2735 sensu
876 2676 994 2755 aptum,
1010 2668 1098 2756 quod

52 2799 88 2856 et
114 2795 313 2862 venerationi
341 2808 470 2864 nostrae
492 2808 525 2865 et
550 2796 697 2886 dignitati
719 2796 806 2876 eius,
840 2817 934 2880 quem
964 2819 1098 2865 venera⁴

52 2936 146 2997 mur,
171 2922 399 3010 responderet,
420 2925 548 3014 signum
566 2920 723 3002 invenire,
742 2921 798 2996 diu
820 2921 1017 3010 multumque
1039 2924 1099 2991 du·

52 3043 162 3110 bitavi.
209 3048 295 3114 Nam
314 3072 354 3115 ex
369 3074 433 3137 quo
457 3063 510 3131 te,
534 3053 737 3130 Hermanne,
762 3049 811 3114 rir
826 3024 971 3128 illastris,
993 3023 1027 3116 et
1039 3050 1098 3117 Li·

53 3171 157 3259 psiam
172 3174 304 3261 reliqui,
328 3200 393 3244 uno
416 3179 481 3245 hoo
503 3176 663 3244 desiderio
687 3178 838 3256 tenebar,
869 3176 1097 3264 utaliquando

53 3320 185 3386 possem
212 3305 450 3373 monumentum
479 3305 646 3382 exhibere,
680 3323 744 3392 quo
773 3302 831 3370 tibi
855 3302 976 3392 gratias
999 3306 1098 3396 longe

56 3421 179 3491 debitas
203 3451 351 3517 agerem,
374 3442 407 3500 et
430 3432 488 3499 tibi
508 3456 560 3499 me
585 3431 690 3497 multia
711 3429 891 3496 nominibus
912 3432 1098 3519 obstrictum

56 3573 130 3618 esse
142 3555 366 3644 significarem.
387 3561 430 3625 At
436 3558 523 3645 qu'od
533 3569 566 3625 te
576 3569 697 3645 tuoque
707 3555 1051 3625 celeberrimonomine
1064 3568 1098 3627 et

55 3678 175 3753 meritis
185 3682 219 3747 in
235 3706 288 3749 me
301 3684 363 3749 tuis
375 3686 449 3752 satis
459 3687 592 3776 dignum
600 3685 771 3763 videretur,
792 3706 856 3749 non
865 3683 978 3764 inveni,
998 3684 1097 3772 idque

57 3823 271 3895 meumquam
290 3811 492 3904 inventurum
513 3835 584 3881 esse
605 3811 728 3878 diffisus
747 3834 827 3878 sum.
869 3813 995 3878 Tamen
1011 3812 1097 3882 idem

56 3931 194 4035 animos,
216 3961 281 4026 quo
298 3947 332 4005 te
344 3938 495 4007 admirari
509 3951 604 4027 atque
622 3939 705 4006 inter
722 3939 905 4027 philologos
922 3938 1097 4030 prinoipem

54 4040 238 4147 exietiroare
264 4065 425 4150 solebam,
446 4076 533 4135 tanta
555 4066 649 4134 etiam
672 4038 790 4156 pietate
809 4072 963 4152 tantoque
987 4092 1098 4139 amore

769 4191 828 4261 1*
853 4196 858 4205 '
