2618 4770
341 364 348 379 ,
383 246 385 252 l
441 303 607 387 nuova.
652 255 732 369 an
1044 306 1107 374 459

55 483 93 527 ac
110 461 223 525 finem.
266 461 356 525 Inter
370 460 604 548 grammaticos
621 466 745 523 veteres
766 456 852 522 hauc
877 472 959 524 rem·
976 461 1108 537 intelle·

54 550 141 612 xissc
160 548 286 612 videtur
302 547 471 633 Sosipater
487 536 668 623 Cfiarisius5
686 543 816 610 inlust.
840 569 874 632 p.
892 544 965 610 204.
981 548 1107 636 aliquot

54 635 151 699 iocos
168 643 288 701 uotaus
299 681 308 714 ,
321 633 359 695 in
380 632 498 720 quibus
515 642 616 718 atqua
632 651 695 716 pro
715 641 747 693 et
763 630 910 721 positum
925 653 994 697 esse
1010 640 1108 721 puta-

55 721 123 784 bat.
185 719 396 783 Recentiores
420 717 634 802 'elegantiam
652 714 763 778 nescio
795 737 896 802 quam
955 721 1108 788 articulae

53 804 201 873 tribuere
219 804 345 882 solent,
371 803 496 892 quippe
519 823 603 891 quae
623 799 781 866 vocabula
797 800 895 892 polys
920 740 1006 868 llaba
1024 808 1125 871 con-⁵
1199 846 1201 851 ι
1287 814 1289 819 ’

54 892 180 977 iungat.
215 890 282 955 vid.
307 888 441 955 Noites.
466 885 860 985 11611.1111111411278.Ι
894 825 958 954 led
980 892 1109 960 etiarnsi

56 977 203 1065 optimus
228 975 366 1070 quisque
386 974 532 1061 scriptor
556 993 696 1048 numero
721 986 878 1036 orationis
906 995 1018 1041 curam
1042 980 1109 1044 im·
1198 1048 1202 1071 l

55 1061 178 1151 pendat
193 1061 395 1139 maximam,
419 1070 530 1124 tamen
546 1057 612 1121 hoc
631 1055 788 1125 laudabili
810 1056 920 1122 studio
938 1082 1007 1129 non
1025 1087 1109 1151 per.

56 1156 161 1213 vertet
177 1157 233 1211 aut
247 1146 392 1235 negliget
405 1145 513 1230 ipsam
531 1143 709 1218 verborum
720 1141 1000 1228 significationem.
1028 1151 1105 1233 Quo
1201 1169 1229 1237 ᾗ

55 1244 167 1298 autem
193 1245 292 1297 sensu
315 1228 526 1295 Heindorfius
551 1229 591 1292 ad
618 1228 686 1292 Cic.
712 1226 752 1290 do
776 1228 851 1293 Nat.
871 1228 902 1293 d.
919 1254 952 1328 p.
973 1237 1048 1301 369.
1071 1238 1108 1301 iu
1122 1213 1293 1318 lffl'ffihn

14 1396 17 1401 ¹
58 1329 158 1405 atque
183 1318 217 1380 id
247 1309 427 1402 quaeiii'err
448 1308 576 1400 J'r‘puod
594 1313 815 1405 diversitatem
839 1331 1058 1413 exppmeret,
1075 1333 1108 1386 et

50 1406 124 1493 'quo
138 1403 241 1466 modo
258 1401 502 1467 Ramshoruius
519 1389 893 1498 ubifflgiiidhgdm
910 1402 1108 1472 senteutiam
1203 1488 1206 1493 Ι

56 1487 430 1577 petatquecopulatam
445 1478 644 1549 intell‘diierit
659 1470 794 1581 pedid,
811 1478 1238 1582 equidemintantaenmst,
1255 1504 1293 1570 ‚a

56 1594 331 1666 synonymorum
346 1572 614 1662 compositorum
631 1592 727 1655 copia
740 1592 812 1636 uon
828 1593 996 1660 assequor,
1013 1626 1032 1686 l*
1050 1571 1293 1682 gri''⁹';t'⁶.“f„¹ffl

172 1695 259 1744 Etiam
282 1693 315 1742 G.
338 1696 384 1744 W.
406 1693 533 1745 Miillerus
554 1692 582 1743 iu
604 1695 701 1744 Aunot.
727 1690 760 1747 ad
777 1692 871 1741 ,Brem
900 1691 965 1742 edit.
991 1678 1108 1753 Cornelii

127 1779 307 1846 Witteuberg.
335 1778 411 1832 1820.
443 1778 521 1829 editis
546 1795 624 1844 quum
653 1775 763 1826 dixisset
790 1784 929 1846 atqueex
952 1789 984 1828 at
1005 1790 1033 1832 et
1057 1800 1110 1852 quo

128 1863 300 1934 compositum
326 1864 436 1932 proprie
459 1861 610 1940 significare¹
631 1862 799 1943 oppositum,
827 1858 894 1914 abor
914 1862 987 1925 wol,
1019 1865 1108 1920 addit:
1200 1926 1202 1931 ¹

127 1967 214 2017 „quae
238 1949 347 2016 propria
365 1947 522 2016 significatio
540 1947 623 1997 multo
642 1965 690 2000 usu
710 1947 848 1998 obscurata
866 1956 906 1997 est
931 1947 970 1999 ita
995 1951 1109 2017 quidem,

126 2044 156 2084 ut
181 2032 312 2106 particula
336 2043 419 2102 atque
448 2035 476 2085 in
501 2030 650 2082 universum
675 2018 775 2103 aliquid
799 2031 931 2099 oppositi,
959 2035 1031 2102 quod
1054 2053 1110 2092 non

126 2137 186 2170 suae
204 2129 312 2170 naturae
327 2116 520 2169 necessitudine
539 2132 598 2167 cum
614 2116 786 2182 praecedenti
805 2116 973 2172 coniunctum
991 2131 1042 2186 est,
1054 2141 1109 2175 ex·-

126 2215 203 2256 teruo
222 2203 344 2265 vinculo,
362 2202 552 2271 cogitationum
573 2201 684 2275 decursu
711 2201 800 2264 facto,
830 2201 903 2268 prius
929 2202 1001 2256 dicto
1024 2224 1110 2260 anne·
1134 2268 1137 2273 ¹

126 2298 195 2340 ctat:
219 2287 403 2360 praevaletqne
420 2288 447 2337 in
465 2286 599 2358 plerisque
615 2287 683 2337 locis
703 2285 860 2339 annectendi
879 2287 944 2340 haec
962 2295 1109 2357 potestas.⁴‘

126 2374 174 2424 His
200 2389 307 2440 prorsus
333 2372 469 2425 contraria
494 2389 572 2440 quum
598 2388 647 2438 ego
666 2388 807 2440 propono,
828 2381 882 2423 tum
900 2373 957 2445 ipse
979 2377 1110 2439 Miillerus

46 2452 48 2457 ¹
125 2460 155 2511 iu
174 2448 301 2527 reliquis,
319 2474 385 2527 quae
405 2457 564 2524 perlustrat,
588 2467 674 2526 atquo
691 2475 768 2525 saepe
787 2474 845 2510 esse
857 2457 892 2507 'id
911 2459 982 2528 quod
996 2472 1024 2513 et
1042 2472 1110 2528 tom,

127 2543 185 2600 und
210 2543 296 2605 donn,
322 2551 369 2605 „et
397 2543 589 2609 comparationi
606 2543 733 2594 inservire
757 2560 845 2594 rernm
863 2543 1014 2597 similium.“
1051 2547 1109 2598 Te·
1142 2576 1146 2583 ,

126 2628 240 2680 nendum
258 2637 330 2687 erat,
349 2625 387 2679 ad
407 2637 434 2678 et
455 2636 487 2679 at
503 2627 578 2681 unius
598 2627 672 2678 'vocis
697 2628 760 2681 duas
780 2647 836 2680 esse
856 2629 971 2692 formas,
992 2648 1041 2698 pro
1062 2631 1108 2682 di-

58 2698 61 2703 *
126 2702 200 2766 versa
217 2711 376 2779 adiungendi
393 2722 420 2763 et
435 2713 584 2781 opponendi
602 2713 705 2767 ratione
723 2714 867 2778 discretas,
886 2723 913 2764 et
931 2732 997 2782 quae
1015 2717 1044 2769 in
1061 2703 1105 2772 at.

127 2817 180 2873 qua
197 2815 254 2850 esse
271 2796 357 2870 possit
373 2797 537 2854 adversativa
560 2799 620 2864 vis,
635 2798 696 2851 tolli
715 2798 773 2867 ipsa
791 2799 968 2871 copulatione.

141 2898 340 2965 Vniversum
356 2898 453 2964 huius
467 2896 612 2967 nominis
627 2923 722 2966 usum
739 2901 779 2965 ad
796 2899 863 2965 duo
876 2923 970 2967 exem
997 2905 1110 2972 lorum

38 3007 178 3091 ,Ψ
192 2995 281 3073 recte
300 2983 418 3053 referri
433 3009 531 3072 posse
548 2997 714 3073 putamus.
766 2982 960 3052 Natt‘ttto
978 3013 1045 3056 som
1071 2986 1133 3057 a?

58 3066 294 3157 coniungendis
312 3081 344 3134 et
357 3072 526 3137 sententiis
544 3072 708 3137 nectendis
732 3071 869 3137 inservit
888 3096 950 3139 una
974 3075 1034 3141 hac
1062 3080 1110 3142 si·
1167 3076 1170 3081 ⁴
1210 3122 1215 3133 ·

57 3156 286 3245 gnificatione‚
308 3178 372 3242 qua
390 3157 472 3223 duae
489 3180 628 3224 resnou
647 3168 778 3222 tantum
796 3172 1026 3247 apponuntur,
1053 3163 1114 3228 scd

50 3245 323 3329 'aequiparantun
358 3241 406 3308 lta
424 3243 604 3333 copiuucta¹
616 3266 685 3307 non
703 3242 899 3326 adhaerent,
921 3248 978 3311 scd
990 3248 1110 3339 juliane,-
1132 3242 1139 3258 ³
1156 3251 1172 3328 Ι
1193 3250 1220 3269 “

56 3329 289 3420 rericem
305 3328 381 3409 sibi„
417 3328 449 3391 Si
466 3323 538 3415 <iuis
551 3324 655 3416 igitur
669 3329 829 3393 maiorem
848 3342 977 3418 partem
995 3326 1109 3399 exem-

56 3410 213 3504 plorum,
230 3414 315 3499 'quae
331 3412 394 3483 nos
412 3415 540 3480 allaturi
556 3437 688 3493 sumus,
706 3415 804 3478 etiam
820 3438 895 3481 cum
918 3440 979 3483 usu
1003 3420 1109 3505 par-ti-

36 3556 40 3561 ,
59 3499 151 3563 eulac
168 3510 200 3565 et
219 3500 394 3564 convenire
409 3500 634 3582 contenderit,
656 3501 683 3563 is
702 3511 776 3566 ante
791 3505 903 3569 omnia
920 3498 1107 3600 cognoscit,

59 3607 156 3672 saepe
172 3608 208 3651 ea
224 3606 294 3649 nou
313 3584 419 3649 verbis
443 3609 482 3650 ox
509 3587 603 3666 rimi,
633 3607 717 3672 quae
741 3589 940 3675 cogitatione
964 3612 997 3652 m
1024 3612 1107 3656 con-

58 3669 245 3736 formandis
262 3666 431 3735 sententiis
453 3609 710 3737 sulrstituautur:
723 3675 840 3738 ¹ueluti
864 3696 959 3760 saepe
974 3678 1024 3740 καί
1041 3699 1109 3763 po·

59 3757 150 3821 uitur
166 3756 296 3844 procul
311 3752 390 3822 οὕτω
416 3783 425 3821 t
451 3768 568 3822 utnon
585 3757 776 3844 ipsumhoc
796 3757 973 3846 siguificat:
1003 3762 1109 3848 signi-

58 3842 136 3907 ficat
153 3830 404 3928 aureffffltffiu
420 3867 438 3909 a
453 3844 495 3911 τέ.
538 3846 649 3908 Potest
666 3844 759 3907 euim
779 3843 818 3907 ab
838 3866 893 3919 eo,
919 3845 1109 3930 qui''dictu-
1156 3906 1160 3913 ,

58 3951 116 3993 rus
133 3938 181 3992 est
197 3927 301 3991 virum
318 3928 366 3992 uti
383 3951 509 4016 'genere
527 3929 570 3994 ita
588 3930 706 3993 virtute
728 3929 905 4004 eximium,
931 3942 1019 3995 recte
1044 3933 1109 3999 dici
1205 3950 1212 3964 '

58 4023 234 4101 generasi
250 4012 372 4077 virtute
390 4015 549 4079 eximius:
571 4015 626 4079 sod
645 4025 748 4077 totam
762 4016 857 4091 istam
875 4017 1109 4102 cogitationem
1187 4059 1190 4065 ·
1229 4086 1232 4093 ,

63 4099 246 4171 distinctius
272 4099 429 4186 exprimit
444 4100 603 4187 particula
625 4111 747 4248 ccipere,
769 4101 863 4163 sicuti
884 4101 1025 4166 Velleius
1040 4106 1108 4170 Pat.

66 4185 139 4251 114.
173 4184 255 4250 dixit
288 4185 418 4252 virtuto
449 4197 549 4272 atque
579 4183 658 4251 nobi
672 4185 769 4250 itote.
814 4187 906 4267 Quae
930 4186 1108 4277 resiniis

733 4318 736 4323 .
1092 4292 1099 4324 l
