2618 4770
499 334 558 443 1,
600 335 672 425 m,
715 340 805 419 111.
905 284 909 289 ’
1121 353 1160 416 n

103 552 109 573 Ι
193 492 336 571 dependent
354 510 434 552 uvae·
467 499 523 549 cio.
547 501 625 552 Verr.
655 500 682 562 4,
706 497 750 562 84,
772 494 815 548 74.
836 501 959 569 sagittis
981 492 1104 568 pendent
1121 505 1157 558 ab

191 583 300 637 humero.
326 585 422 649 Lucan.
443 579 469 645 5,
483 581 543 634 769.
565 602 657 637 nonne
678 584 747 638 olim
771 599 835 635 casn
861 585 1015 655 pendemus
1036 584 1072 638 ab
1093 602 1157 646 uno.

173 674 176 678 ’
192 671 267 718 Senes.
283 670 332 735 Ep.
344 662 389 726 83.
406 664 442 718 nb
458 667 611 737 exenzplari
627 669 757 739 penitere.

219 744 325 805 Terent.
347 754 429 803 Andr.
447 750 573 815 1,1,51.
592 755 634 806 ita
658 764 688 803 ut
711 741 850 822 inginium
870 759 913 805 est
933 756 1054 805 omnium
1069 755 1157 810 bomi-

96 824 101 883 Ϊ
192 855 242 888 mm
263 856 284 889 a
305 833 402 891 labore
416 830 545 911 procliue
554 837 592 888 ud
616 835 770 897 libidinem,
798 839 904 906 occepit
919 837 1114 892 conditionem.

92 976 95 981 ,
214 925 250 974 oe
264 922 351 974 verbis
370 933 513 991 spectare,
546 921 641 975 videre
658 919 806 994 abaliquo
823 920 885 973 loco
909 922 964 988 egit
989 927 1155 994 Oudendorp.

179 1006 213 1055 *cd
233 1009 332 1058 Lucan.
348 1003 382 1069 5,
404 1002 463 1056 640.
488 1025 514 1073 p.
530 1001 590 1056 400.
613 1014 640 1057 et
662 1007 696 1056 ad
721 1006 747 1070 8,
767 995 825 1056 187.
858 1007 995 1056 Burmann.
1009 1009 1042 1057 ad
1058 1005 1082 1069 5,
1098 1008 1156 1059 640.

185 1092 222 1140 ubi
247 1101 359 1142 notatur
385 1091 508 1158 frequens
542 1091 708 1161 commutatio
737 1087 923 1141 vocabulorum
943 1110 993 1151 ·a,
1034 1091 1085 1151 de,
1112 1108 1156 1147 ex.
1190 1140 1193 1146 .

87 1172 90 1189 ¹
184 1177 282 1226 (lortius
300 1177 359 1226 fere
374 1175 470 1248 ubique
486 1175 604 1226 resti-tuit
620 1192 654 1226 erc
663 1213 671 1238 ,
691 1174 736 1224 sed
751 1185 864 1227 temere:
883 1186 970 1228 temen
986 1178 1155 1245 11811111111111-γ

87 1264 90 1287 ’
183 1260 295 1325 beterico
313 1260 366 1331 10,
390 1256 450 1311 486.
473 1276 555 1332 quum
578 1242 677 1328 procul
694 1279 708 1312 e
723 1262 807 1312 securis
822 1262 896 1313 acies
911 1280 967 1313 non
985 1281 1081 1331 spersa
1099 1281 1156 1314 mu·

182 1335 287 1415 nipiis,
315 1365 366 1419 nec
386 1363 461 1416 vaga
483 1348 662 1416 conspicitur.
697 1345 737 1394 Ibi
758 1343 826 1395 enim
840 1344 1051 1415 Interpolationis
1067 1366 1156 1400 caussa
1216 1396 1220 1409 ,

87 1498 90 1507 Ι
183 1431 349 1499 inpromptu
367 1439 414 1479 est.

87 1518 91 1533 '
196 1518 244 1577 10.
268 1512 320 1576 Ite
346 1512 465 1583 dieitur
484 1509 523 1572 de
536 1506 596 1599 iis,
619 1503 676 1593 qui
691 1533 734 1574 ex
749 1512 973 1598 superioribus
991 1515 1023 1578 et
1038 1537 1154 1592 remo-

138 1592 247 1660 tislocis
265 1590 388 1681 aliquid
405 1605 523 1682 ogumt,
556 1595 662 1657 autin
677 1596 741 1659 altu
758 1599 834 1668 sede
851 1600 1028 1663 residentes
1043 1600 1085 1664 od
1099 1603 1154 1664 in-

139 1682 229 1746 iniora
252 1706 289 1744 sc
310 1692 525 1759 convertunt,
558 1679 656 1742 etiam
679 1681 736 1744 ubi
760 1683 851 1746 nulle
875 1685 1031 1748 movendi
1057 1688 1153 1750 notio

141 1767 214 1830 uerbis
236 1789 394 1854 expressa
417 1774 475 1830 est.
517 1764 632 1850 Neque
657 1766 750 1829 aliter
768 1769 883 1832 Graeci
899 1770 933 1831 in
948 1764 1054 1849 verb'n
1071 1772 1103 1832 ἐκ
1123 1778 1155 1833 ct
1246 1782 1248 1786 '
1281 1740 1283 1747 .

137 1848 182 1915 ici.
217 1853 293 1916 Vid.
310 1849 496 1917 Markland
525 1848 897 1923 (1(18111.Τ11)11(1.527.
922 1849 981 1917 (1νᾶ
997 1850 1154 1935 didicens

136 1936 215 2025 tede,
236 1935 381 2025 Τρῳάδος
410 1935 467 2000 dni
499 1936 607 2019 πέτρας
643 1940 771 2012 σταθείς.
820 1937 1152 2027 1111111111616111111111.

136 2046 159 2108 P·
175 2029 259 2088 1193·
598 2068 600 2075 ·
782 2032 785 2041 Ι

210 2128 329 2177 Lucanus
353 2109 379 2186 8,
405 2110 465 2173 585.
488 2114 552 2175 dum
574 2124 684 2193 pugnat
698 2119 733 2173 ab
749 2112 810 2175 alta
825 2136 923 2197 puppe
941 2123 1034 2181 Catus.
1052 2128 1077 2193 2,
1093 2126 1153 2180 207.

185 2208 332 2281 intrepidus
359 2210 432 2261 tanti
449 2205 522 2260 sedit
543 2225 650 2261 securus
674 2205 710 2258 ab
734 2207 794 2259 alto
813 2219 963 2279 spectator.
983 2213 1001 2261 i.
1016 2232 1038 2264 e.
1062 2213 1105 2279 qui
1122 2215 1154 2263 ub

186 2297 231 2346 alto
254 2303 364 2362 spectat.
399 2292 493 2358 Virgil.
524 2295 588 2341 Aen.
615 2289 639 2341 6.
662 2284 722 2342 357.
752 2298 888 2364 prospexi
912 2295 1029 2348 Italiam
1047 2315 1154 2348 sunrma

186 2379 301 2433 sublimis
324 2368 360 2428 ab
384 2373 468 2427 unda.
497 2374 523 2440 9,
540 2364 600 2427 375.
624 2374 714 2426 Heius.
739 2379 875 2429 contendit
894 2372 1059 2432 scribendum
1083 2398 1152 2433 esse:

186 2463 334 2516 conclamat
363 2456 398 2511 ab
428 2454 700 2531 aggere'Volsccns.
734 2463 780 2533 sed
806 2461 841 2515 ab
868 2469 980 2536 agmine
1003 2469 1102 2518 dictum
1125 2477 1154 2516 ut
1182 2460 1185 2467 ’

187 2551 244 2618 apud
260 2553 325 2598 Stat.
341 2538 424 2596 Theb.
438 2543 471 2607 4,
489 2535 549 2597 802.
567 2544 724 2597 conclamat
738 2543 773 2597 ab
789 2552 899 2620 agmine
913 2555 1004 2621 primo
1021 2561 1048 2601 et
1064 2549 1152 2602 Valet.

186 2635 261 2684 Flaec.
278 2632 304 2683 6.
323 2629 383 2682 888.
417 2632 536 2696 Propert.
552 2629 577 2696 4,
593 2633 630 2696 4,
646 2633 689 2684 29.
714 2644 742 2686 et
761 2652 812 2684 sna
834 2635 956 2706 Tarpeia
971 2636 1093 2690 residens
1111 2640 1153 2689 ita

184 2717 257 2786 flevit
288 2714 324 2768 ab
348 2734 420 2772 arne.
449 2716 467 2764 i.
492 2733 517 2781 (1.
539 2716 567 2766 in
592 2717 645 2766 alta
667 2712 875 2769 arceresi'dens.
908 2722 949 2771 Ita
972 2718 1153 2790 explicandum

185 2803 294 2870 Propert.
311 2799 345 2863 8,
359 2791 409 2862 25,
425 2789 449 2848 6.
470 2799 522 2866 128,
536 2790 590 2867 26.)
608 2813 714 2872 semper
729 2799 765 2852 ab
781 2803 899 2864 insidiis,
921 2804 1061 2876 Cynthia,
1080 2804 1153 2874 flere

185 2887 249 2941 soles
265 2888 283 2937 1.
299 2904 371 2936 esox
386 2884 497 2933 insidiis.
534 2885 586 2935 Alii
608 2886 640 2936 de
662 2888 780 2954 tempore
803 2888 972 2955 accipiebant.
1007 2892 1038 2939 In
1063 2889 1151 2940 aner.

184 2972 259 3023 Flucc.
282 2959 310 3036 8,
326 2970 367 3020 82.
394 2968 487 3021 dulces
509 2973 628 3023 excussit
647 2969 683 3022 ab
707 2968 804 3023 arbore
821 2990 940 3039 sontnos.
966 2981 1075 3040 quorum
1088 2991 1150 3023 ver*

185 3046 267 3107 bonum
289 3045 371 3105 mirae
401 3056 503 3104 exstant
536 3055 686 3106 criticorum
718 3056 960 3124 interpretationes.
995 3057 1022 3108 Si
1050 3059 1152 3126 integre
1189 3123 1190 3127 Ἰ
1236 3110 1238 3114 ,

186 3125 252 3206 sunt,
270 3159 360 3193 eorum
377 3159 465 3190 sensus
483 3150 536 3190 est:
551 3142 665 3190 excussit
679 3158 796 3205 somnum
809 3133 928 3193 residens
942 3142 971 3192 in
987 3144 1090 3194 arbore.

195 3248 238 3308 11.
269 3246 377 3330 Atque
399 3241 461 3305 ulie
485 3263 618 3327 quoque
636 3230 742 3306 'verba
759 3243 797 3306 ub
818 3244 912 3307 omni
929 3255 1026 3308 motu
1047 3245 1151 3310 aliena

137 3340 245 3405 possunt
263 3351 340 3392 cum
357 3346 381 3393 A
400 3327 574 3414 coniungi,
604 3327 662 3389 ubi
680 3329 1056 3394 orationecontruhitur
1072 3354 1149 3395 sen-

137 3413 224 3497 tutia,
247 3436 348 3500 quem
364 3406 520 3498 cogitatio
541 3410 636 3475 facile
655 3412 809 3498 explicat.

207 3517 282 3569 ovid.
297 3516 347 3566 Ars
362 3531 411 3564 am.
426 3514 453 3577 2,
469 3511 527 3564 187.
546 3506 680 3574 sednon,
707 3517 750 3567 cm·
766 3512 874 3568 dedetis
889 3535 908 3566 a
925 3509 1008 3570 litore
1024 3514 1147 3575 carbasa,

184 3613 257 3654 cento
286 3599 425 3657 utendum.
452 3599 469 3649 i.
487 3616 509 3649 e.
535 3608 674 3667 provectus
692 3616 707 3648 a
725 3590 821 3667 litore,
848 3600 918 3668 quod
938 3602 1038 3662 Plinius
1053 3605 1149 3666 Pancg.

180 3683 213 3738 85.
227 3687 327 3737 dixita
345 3695 439 3754 portu.
531 3688 534 3692 '

192 3761 239 3849 12.
272 3766 468 3833 Discedendi
489 3763 539 3830 vel
561 3763 732 3827 amittendi
753 3765 848 3829 notio
873 3787 977 3851 quum
993 3767 1034 3828 ad
1051 3766 1148 3831 verba
1253 3761 1257 3771 ’

130 3846 283 3936 desistere,
306 3855 530 3919 intermittere
545 3848 661 3912 referri
675 3853 800 3937 possit,
821 3850 902 3915 hacc
924 3846 1056 3936 quoque
1071 3874 1149 3915 curn

128 3942 350 4028 praepositione
363 3959 387 4005 A
407 3945 666 4024 componuntur.
711 3937 916 4016 Quibuscum
938 3936 1036 3999 etiem
1063 3960 1148 4000 cou-

127 4019 195 4111 l'flngi
225 4035 368 4114 possunt
396 4024 495 4090 verbe
526 4021 717 4103 relaxandi,
764 4020 973 4103 remittendi,
992 4032 1043 4087 *et
1071 4022 1147 4087 for-

125 4120 195 4177 nuc
214 4113 321 4178 otium
351 4133 375 4176 o
408 4108 542 4185 tutore,
573 4129 597 4172 (ι
621 4129 674 4184 re,
705 4107 746 4198 de
770 4106 888 4194 quibus
912 4116 1038 4194 postea.
1091 4108 1145 4171 Sic
