2618 4770
134 338 198 389 nv

133 493 227 551 versa
241 469 365 537 ratione
378 488 443 535 uuo
457 465 546 535 notio
563 475 619 535 sut
640 467 852 535 sententiaeb
866 467 935 537 ullis
951 468 1102 559 gentibus
1124 488 1176 537 eo·¹

133 597 229 688 gitari
242 607 276 665 et
288 596 394 665 uerbis
407 594 503 663 reddi
522 594 633 663 soleat·
676 596 787 673 Quare
801 618 861 663 nos
875 605 1006 685 oportet
1027 596 1061 663 iu
1083 618 1177 663 ronna

131 722 214 793 bulis
227 721 433 810 multiplicem
449 744 543 789 nsum
554 721 663 803 nnius,
686 744 771 809 quse
789 723 916 802 subest,
938 722 1178 812 significationis

84 934 87 939 ,
131 858 283 919 aeeurate
306 848 464 939 iudagare
486 857 583 937 etque
609 850 799 916 observare:
828 858 863 941 et
890 868 954 935 quo
976 848 1086 937 plnres
1105 870 1178 940 parf

130 987 182 1047 tes
197 976 424 1066 dignoscemus
439 973 599 1055 diversas,
630 984 687 1043 ant
707 964 772 1062 q'uo
795 973 978 1062 diligentius
1007 974 1060 1055 id,
1089 978 1178 1064 quod

131 1113 338 1191 compactum
352 1111 385 1171 et
402 1111 590 1170 eoueretnm
604 1099 767 1180 videmus,
791 1100 943 1187 scalpello
965 1101 1057 1189 quasi
1075 1107 1178 1173 resol.

40 1218 50 1234 '
130 1200 260 1311 semul,
287 1254 329 1297 eo
355 1228 502 1299 subtilior
529 1227 590 1297 erit
605 1225 829 1316 investigatio,
858 1227 957 1295 ueluti
986 1231 1176 1300 naturalium

34 1340 40 1345 ⁸
130 1380 240 1427 rernm
248 1338 448 1429 scrutatores
470 1374 624 1440 corpore,
650 1374 735 1441 qnae
751 1352 859 1423 varies
880 1354 963 1422 vires
989 1366 1024 1424 et
1046 1368 1176 1428 naturas

129 1484 213 1567 inse
227 1482 348 1563 babent
362 1484 417 1551 uui
433 1484 555 1559 toruioe
571 1478 742 1562 subiectas,
752 1482 852 1549 multe
866 1505 907 1550 ex
920 1493 1013 1570 porte
1025 1495 1189 1572 tractare,

130 1622 228 1707 atque
241 1613 337 1680 etiam
361 1610 396 1678 in
415 1602 659 1697 simpboisslmn,
683 1625 768 1698 qnae
783 1609 927 1691 videtur,
950 1633 990 1679 re
1009 1610 1176 1682 diversita-

128 1750 195 1810 tem
209 1738 347 1827 aliquam
362 1736 560 1828 distinguere
577 1738 691 1805 solent.
720 1738 861 1806 'Paucae
885 1739 970 1806 euim
983 1750 1057 1808 suut
1076 1741 1174 1808 animi

129 1865 260 1935 bumaui
275 1865 421 1933 notiones
436 1863 630 1951 primitivae,
650 1863 791 1954 ideoque
810 1887 916 1954 panea
936 1867 1093 1934 voeabula
1108 1877 1174 1935 tam

127 1989 300 2083 simplicia,
319 2002 435 2077 utnon
451 1991 571 2059 variam
587 2000 781 2079 potestatem
793 1993 965 2082 recipiant,
982 2003 1015 2062 et
1028 2016 1090 2062 usu
1102 2019 1173 2063 mu·
1208 2060 1210 2067 .

128 2131 254 2201 tentor,
280 2143 386 2208 neque
416 2119 543 2189 omuino
566 2115 685 2190 duffieit
701 2143 822 2189 ‘eorum
840 2121 1000 2203 studium,
1032 2123 1173 2212 alioquin

126 2248 287 2328 laudabile
300 2257 333 2331 et
344 2246 576 2331 necessarium,
596 2249 651 2336 qui
672 2269 732 2336 per
753 2249 983 2338 etymologiam
999 2249 1041 2316 nd
1055 2249 1172 2339 prime·

126 2375 208 2443 mam
231 2374 496 2466 significationem
526 2375 658 2443 alieuius
679 2376 830 2444 xvocabuli
845 2377 1029 2468 progressi,
1055 2376 1088 2444 iu
1108 2360 1172 2445 boo

128 2501 335 2571 fimdameuto
361 2502 585 2589 aequiescunt,
616 2503 764 2591 quamvis¹
777 2503 952 2594 difficilius,
980 2527 1042 2570 nee
1068 2506 1174 2573 miuus

125 2629 342 2699 neeessariam
355 2629 413 2709 sit,
432 2638 532 2697 totam
545 2631 690 2718 stirpium
713 2630 977 2721 germinationem
998 2640 1031 2698 et
1051 2650 1172 2718 propa·

48 2775 52 2779 ·
125 2755 291 2847 gntiouem
315 2750 484 2847 persequi,
514 2768 546 2826 et
566 2757 600 2824 in
621 2758 786 2825 notionum
806 2755 1019 2843 explicatione
1038 2754 1170 2827 versari.

116 2883 292 2975 ,Vocabulo
305 2884 404 2963 semel
420 2884 523 2965 laeto,
545 2885 618 2953 usui
637 2882 823 2952 eoneeditur
843 2891 909 2949 tam
932 2906 1053 2975 magna
1072 2886 1171 2952 liber-

125 3018 196 3095 tas„
208 3019 246 3077 nt
259 3033 358 3114 saepe
370 3011 620 3102 significationes
632 3017 812 3091 naseuntur,
833 3032 916 3099 quoe
933 3032 999 3078 non
1013 3035 1053 3079 ex
1068 3012 1171 3100 primo

122 3137 234 3207 radioe
247 3136 423 3220 deductae,
439 3138 503 3207 sed·
513 3163 554 3207 ex
567 3137 762 3229 germinibus
780 3139 939 3221 extremis,
954 3141 1005 3207 vel
1019 3163 1060 3209 ex
1075 3141 1169 3207 semi·

122 3265 216 3333 uibus
236 3265 507 3347 translatisortae
530 3265 706 3347 videantur.
755 3267 868 3354 Atque
881 3267 945 3334 boo
967 3276 1038 3334 eret
1062 3290 1168 3335 meum

125 3392 307 3474 eonsilium,
327 3403 364 3477 ut
386 3394 421 3460 in
444 3415 644 3482 quacumque
667 3392 824 3481 particule
851 3395 957 3461 omnis
979 3393 1171 3475 discrimina,

121 3541 207 3607 quae
219 3521 357 3610 aliquem
372 3519 606 3589 distinctionem
627 3512 846 3599 ddmittereut,
867 3527 1018 3619 aoourete
1033 3517 1168 3589 demone

122 3655 274 3730 strarem,
297 3659 331 3717 et
351 3650 532 3729 universam
548 3649 616 3731 eius
635 3657 780 3725 uobmsm
803 3647 844 3711 ab
869 3644 955 3710 omni
980 3655 1072 3732 parte
1096 3648 1169 3715 illu·¹

123 3782 275 3867 strarpm,
294 3775 434 3864 ideoque
452 3774 554 3843 sieubi
574 3773 711 3861 aliquam
729 3770 958 3860 proprietatem
978 3773 1011 3844 iu
1034 3776 1167 3843 coniun-

120 3901 230 4002 otione
251 3903 386 3971 aliorum
399 3901 635 3995 ‚voeabulornm
652 3898 705 3966 vel
725 3897 759 3967 in
780 3898 1028 3969 enuntiationum
1056 3903 1167 3970 formis

123 4030 359 4131 observassem,
381 4050 453 4115 eam
474 4025 571 4115 etiam
595 4046 740 4115 ¹seorsum
763 4037 925 4100 notarem:
951 4030 1016 4098 boe
1039 4039 1109 4111 est,
1130 4044 1167 4100 ut
