2618 4770
516 340 684 421 amsa
1067 354 1140 424 scs·

162 513 194 575 2.
216 507 282 575 Sed
296 509 423 598 vulgari
438 529 501 591 usu
517 518 640 577 surm
657 506 852 594 simpliciter
866 507 1010 594 opponit
1028 507 1127 575 aliem

105 612 152 658 em
167 595 222 661 ciii
236 597 303 676 rei,
324 597 478 684 idemque
492 596 647 694 exprimit
665 592 756 692 quod
772 594 979 689 Graecorum
994 594 1128 677 lipsius

105 682 332 764 raemissopia,
349 684 706 768 sirenonpraemissos
730 702 753 744 s.
763 701 791 744 e.
802 691 933 765 scutra,
943 669 1125 768 Wegea,
1192 709 1195 714 ²

105 763 174 830 ber.
220 767 297 848 Quo
323 787 421 833 sensu
443 767 630 854 saepissime
654 765 871 851 componitur
899 770 976 829 otim
998 789 1127 853 prono·

105 851 242 916 tinibuss
270 852 329 918 ille
348 862 480 927 aulem,
503 863 540 915 tet
562 861 699 924 autem,
729 850 787 937 qui
811 860 944 914 autem:
967 860 1001 914 et
1017 874 1035 916 a
1051 853 1126 938 qui-

105 937 220 1001 usdam
235 937 452 1026 scriptoribus
464 934 884 1022 usurpaturtantummodo
899 937 934 1000 in
950 934 1126 1024 designan-

104 1022 128 1084 is
145 1028 306 1109 personis.
352 1024 404 1087 Sic
432 1021 567 1086 Tacitus
591 1019 727 1106 quidem
748 1043 890 1108 semper.
933 1020 1123 1117 Oppositim

103 1128 163 1171 uae
187 1105 242 1190 fit,
273 1106 491 1173 nihilominus
523 1103 705 1171 contrarias
730 1126 783 1170 res
809 1107 979 1171 continere
1001 1117 1141 1195 potest,'

104 1215 248 1280 imquam
263 1195 425 1258 diversass
451 1212 517 1277 quo
536 1191 609 1276 ipso
626 1199 739 1254 tomen
753 1212 824 1254 non
839 1194 983 1256 nascitus·
999 1193 1045 1258 vis
1061 1193 1124 1258 ad-

103 1281 247 1342 ersativa.
300 1278 456 1341 Ceterum
484 1285 631 1339 oratores
661 1275 726 1338 illis
747 1277 1000 1362 pronominibus
1026 1301 1123 1366 saepe

104 1361 276 1426 articulum
300 1360 395 1447 alliun
422 1359 520 1424 ebant
541 1381 610 1424 non
637 1357 736 1423 aliam
760 1359 805 1425 ob
820 1376 992 1439 caussam,
1023 1386 1124 1450 quam

103 1458 114 1511 t
133 1470 170 1512 ea
186 1442 340 1521 fulcirent
354 1381 552 1535 pebamento
570 1445 726 1532 quodum.

180 1565 266 1620 Plaut.
285 1568 356 1619 Men.
376 1562 411 1630 5,
427 1565 460 1631 3,
478 1567 503 1620 9.
521 1565 564 1619 ait
581 1583 611 1621 se
629 1561 772 1638 obligasse
795 1579 854 1618 crus
872 1558 1002 1634 fractum
1022 1565 1123 1620 Aescu·

149 1648 247 1723 lapio,
273 1651 408 1722 Apollini
424 1663 518 1706 autem
541 1649 689 1708 brachium.
723 1649 816 1719 Amph.
836 1648 905 1719 prol.
928 1647 972 1703 35.
998 1670 1063 1704 uam
1083 1654 1124 1705 in-

149 1741 225 1792 iusta
245 1733 281 1789 ab
301 1735 382 1789 iustis
399 1740 548 1808 impetrare
564 1753 621 1789 nors
639 1734 731 1800 decet,
757 1733 830 1786 iusta
846 1743 941 1788 atatem
956 1733 993 1788 ab
1014 1738 1126 1790 iniustis

148 1834 242 1894 petere
263 1822 473 1892 iusipientia'sta
510 1823 564 1874 Cic.
587 1821 621 1873 ad
638 1823 710 1873 Fam.
727 1817 777 1885 16,
796 1819 847 1883 22,
861 1816 888 1873 8.
907 1837 959 1891 ego
978 1817 1022 1874 bie
1039 1836 1125 1883 cesso,

149 1909 215 1979 quia
235 1909 295 1976 ipse
311 1903 384 1960 nibil
401 1903 511 1959 scribo.-
530 1905 593 1978 lego
613 1916 706 1959 autem
725 1902 914 1959 libentissime·
949 1904 988 1957 dc'
1002 1908 1077 1962 Oret,
1096 1903 1122 1968 1,

146 1988 358 2056 25,115.suns
381 1988 499 2063 quidam·
517 2001 568 2043 aas
591 1993 634 2044 ita
653 1987 752 2060 lingua
775 1985 946 2044 haesitantes
967 1999 1034 2043 etc:
1059 1999 1124 2044 suas

148 2083 244 2129 autem
264 2073 378 2148 quidam
395 2079 438 2130 ita
455 2080 484 2130 in
502 2075 601 2131 iisdem
618 2070 701 2129 rebus
715 2069 825 2129 babilas
843 2084 895 2126 etc.
1003 2070 1006 2075 '

123 2192 133 2211 ·
181 2177 265 2232 Pleut.
291 2179 362 2230 Meu.
385 2176 420 2243 2,
446 2177 482 2243 1,
503 2178 547 2232 43.
579 2189 610 2233 tu
636 2193 754 2249 magnus
778 2173 888 2230 ansatos
909 2175 1059 2238 *mulierum
1083 2194 1122 2242 es,

148 2258 317 2316 Messenios
339 2280 391 2334 ego
415 2273 508 2317 autem
526 2263 608 2319 bomo
627 2261 790 2326 iracundus,
814 2266 902 2319 mimi
918 2262 1031 2334 perditi.
1047 2263 1124 2332 ‚Aah

146 2346 180 2411 ἲ,
204 2343 237 2410 6,
263 2344 288 2397 7.
316 2349 327 2401 i
350 2363 417 2401 sane
435 2366 494 2400 cum
513 2346 583 2412 illc,
611 2347 755 2422 Phrygia,
781 2357 813 2401 tu
833 2363 942 2414 autent,
964 2348 1122 2412 Eleusinae,

146 2428 201 2483 leuc
218 2431 291 2484 latro
318 2429 366 2487 abt
390 2431 429 2485 ael
452 2450 512 2486 uos.
544 2434 619 2502 Cept.
636 2433 670 2494 2,
687 2432 722 2498 3,
740 2431 767 2487 4.
793 2452 859 2488 nam
876 2428 928 2506 ego
948 2444 976 2487 te
993 2432 1123 2487 aestima·

148 2524 208 2568 tum
226 2514 289 2570 buia
305 2515 372 2571 decli
392 2519 496 2588 uiginti
524 2518 621 2581 minis,
645 2516 801 2573 bisantem
826 2530 853 2573 te
872 2521 916 2573 ait
932 2521 1042 2573 mittere
1058 2517 1124 2573 irinc
1206 2526 1216 2541 ’·

146 2580 223 2654 uelle
238 2599 277 2653 ad
296 2613 413 2672 patrem.
447 2599 541 2653 Bacch.
558 2599 592 2666 4,
610 2599 643 2662 8,
660 2599 703 2654 68.
721 2621 768 2656 rus
785 2606 861 2657 misit
879 2615 980 2675 patere
1000 2602 1054 2658 illa
1073 2622 1123 2657 au-

150 2695 206 2739 tem
231 2689 261 2740 ia
279 2705 369 2741 arcem
394 2684 491 2739 abivit.
525 2686 583 2737 Mil.
603 2684 636 2752 4,
651 2685 685 2752 4,
703 2685 745 2740 13.
761 2690 788 2741 si
808 2697 836 2741 et
853 2687 907 2742 illa
925 2687 1004 2750 vult,
1027 2685 1124 2742 atille

152 2781 247 2824 autem
267 2776 353 2842 cupit·
386 2772 463 2841 Epid.
479 2770 512 2835 6,
530 2770 564 2836 2,
579 2767 605 2820 7.
625 2780 655 2823 ut
673 2769 734 2826 illic
752 2783 845 2825 autem
868 2773 1039 2824 exenteravit
1056 2769 1124 2827 mibi

151 2873 222 2927 opes
235 2856 416 2928 argentarias.
443 2857 497 2909 Cic.
512 2854 592 2905 ecad.
611 2853 645 2921 2,
663 2854 713 2920 19,
730 2854 773 2910 61.
798 2857 949 2910 Cimmeriis
963 2854 1073 2925 quidem
1089 2883 1124 2897 -·

154 2943 233 3013 ignes
250 2951 342 2994 tamen
359 2940 493 3003 aderant,
517 2958 633 3012 qaorum
658 2940 717 2996 illis
741 2944 783 2996 uti
802 2939 904 2995 lumine
927 2937 1048 2994 licebat.-
1075 2941 1124 2994 isti

150 3035 251 3089 autem,
268 3050 303 3064 --
325 3028 411 3078 tantis
428 3024 530 3097 offusis
548 3023 667 3081 tenebris
684 3046 719 3081 ne
737 3024 891 3081 scintillam
906 3023 1017 3097 quidem
1034 3023 1125 3078 ullam

153 3109 233 3163 nobis
251 3110 290 3163 ad
306 3110 510 3180 dispiciendum
528 3110 705 3183 reliquerunt.
739 3112 824 3175 Plana
841 3110 900 3164 Mil.
918 3109 946 3175 2,
964 3110 989 3176 1,
1010 3111 1035 3165 1.
1055 3108 1124 3164 milri

151 3193 190 3250 ad
214 3195 398 3249 enarrandum
425 3193 476 3248 boa
497 3208 688 3265 argumentum
704 3207 746 3251 est
766 3196 896 3258 comitas,
918 3198 945 3249 si
964 3194 1003 3248 ad
1017 3192 1124 3247 auscul-

150 3279 268 3341 tandum
285 3264 382 3337 vostra
400 3283 453 3332 erit
470 3277 638 3349 lreuigaitas.
677 3279 736 3357 Qui
750 3290 848 3334 autem
868 3278 1025 3333 auscultare
1042 3277 1125 3341 nolit,

150 3373 281 3435 exsurgat
292 3360 387 3434 foras.
424 3365 478 3414 Cic.
494 3365 570 3414 Tusc.
588 3363 621 3428 1,
638 3362 690 3429 23,
708 3361 752 3418 54.
778 3366 870 3426 tPlaut.
891 3367 940 3435 Ep.
963 3363 996 3426 2,
1021 3363 1053 3428 2,
1077 3361 1122 3414 95.

151 3447 218 3520 quial
238 3459 268 3500 ta
286 3459 396 3512 autem,
416 3447 596 3516 Apoecides?
616 3449 634 3500 i.
652 3468 675 3502 e.
692 3449 755 3518 quid
773 3459 801 3501 tu
826 3468 859 3503 ex
881 3460 928 3503 tua
950 3457 1025 3516 perte
1048 3446 1122 3497 iudi-

152 3533 216 3585 ces?
235 3535 308 3602 Gapt.
325 3531 358 3597 3,
375 3532 406 3598 4,
428 3529 470 3584 24.
499 3533 605 3584 Terent.
629 3532 695 3585 Eun.
715 3531 747 3599 3,
766 3532 801 3599 2,
824 3535 867 3588 22.
906 3532 1078 3588 Plaut.1’ere.
1096 3528 1123 3596 5,

114 3628 121 3643 ²
155 3616 189 3683 1,
206 3617 247 3668 11.
266 3637 314 3671 aar
333 3635 384 3688 ego
402 3620 462 3669 sine
480 3617 605 3669 tesam?
626 3637 672 3671 cur
687 3629 781 3674 autem
799 3612 830 3673 tu
842 3621 902 3700 siae
916 3636 959 3671 me
976 3615 1025 3671 es?

186 3718 242 3770 Cic.
270 3719 303 3770 de
328 3721 399 3770 Orat.
420 3718 453 3782 1,
478 3718 513 3783 8,
536 3718 580 3771 80.
605 3739 691 3792 neque
705 3740 772 3777 uero
792 3719 860 3774 milri
877 3718 1025 3793 quidquam
1045 3737 1124 3790 prae·

149 3801 283 3869 stabilius
293 3802 401 3855 videtur
416 3821 498 3874 quam
514 3820 598 3871 posse
615 3804 731 3869 dicendo
748 3833 783 3847 -
798 3804 957 3860 voluntates
972 3804 1124 3876 impellere,

153 3904 206 3959 quo
226 3890 310 3950 velit,
335 3884 407 3939 unde
430 3898 524 3940 autem
548 3887 633 3957 velit,
662 3891 802 3945 deducere.
842 3890 875 3942 de
902 3893 965 3944 Nat.
983 3891 1008 3944 d.
1027 3888 1063 3954 8,
1081 3890 1124 3956 10,

151 3970 196 4026 25.
221 3982 345 4026 versutos
372 3986 419 4022 eos
447 3970 581 4041 appello,
611 3993 725 4045 quorum
750 3974 873 4029 celeriter
896 3994 971 4029 meas
989 3985 1124 4039 uersatur,

154 4055 275 4113 callidos
299 4063 411 4119 autem,
434 4073 549 4126 quoram
571 4086 607 4100 -
630 4064 740 4114 anicius
756 4056 985 4116 usu'ccnealluit.
1019 4063 1125 4111 Suetoo.

155 4141 238 4213 cetig.
256 4140 300 4214 21.
320 4158 407 4213 opera
431 4138 483 4198 sat
508 4138 619 4201 Tiberio
644 4138 840 4215 semiperfecta
855 4172 890 4187 ·-
907 4142 1040 4200 absolvit.
1082 4144 1126 4197 la·

840 4248 882 4312 86
