2618 4770
525 313 659 380 nuru.
795 350 797 356 ,
933 374 945 409 „
1049 290 1126 391 see
1202 318 1268 381 ι·

122 467 243 521 luvennl.
261 466 312 532 10,
331 465 390 540 391.
410 461 566 535 deformem
584 479 613 523 et
635 479 734 523 tetrum
752 474 927 530 antecoenia
947 479 1057 533 oreltum
1076 509 1110 522 -

125 553 252 624 adspice.
277 554 296 603 i.
315 566 343 604 ε.
362 570 426 620 prae
442 529 571 619 reliquid,
596 555 719 623 primum.
754 559 811 610 Liv.
828 557 879 624 85,
896 561 947 626 82,
964 564 989 617 4.
1015 570 1109 637 ingen.

122 647 183 707 tem
204 641 263 692 uine
281 635 409 706 peditum
429 641 605 709 equitumque
629 645 742 695 venire:
761 661 796 695 ex
819 646 903 699 India
923 648 1110 729 elepliantor:

123 725 326 784 antecoenia,
347 740 401 793 quo
420 727 541 775 retexime
558 729 663 779 moveri
680 727 828 782 credebant
847 731 1036 788 multitudinis
1051 739 1110 788 ani·

125 827 199 874 ntes,
221 818 331 867 tantiam
352 805 454 872 advehi
473 811 550 879 auri,
577 820 609 863 ut
633 814 712 883 ipsps
735 833 822 868 eniere
842 815 987 871 Romanos
1001 822 1110 889 ..possit-

125 893 278 947 Gronovius
299 892 427 970 praetulit
441 891 480 944 ad
504 897 616 960 omnia,
646 897 760 949 fortasse
786 898 820 952 ob
844 919 901 955 voe.
921 906 1040 957 niaxime
1057 905 1120 955 ad-v

123 982 218 1033 ditum.

135 1118 137 1123 f
163 1086 250 1150 „Ante
268 1082 363 1134 omnia.
398 1083 471 1134 Haec
490 1083 576 1134 forma
593 1084 718 1152 frequens
741 1097 782 1138 est
805 1088 833 1138 in
856 1092 1036 1142 enumerandis
1060 1110 1107 1143 ar·
1206 1136 1209 1147 .

125 1150 256 1239 gementis
278 1167 320 1218 vel
345 1167 489 1235 capitibus,
522 1171 713 1238 cumprimum
737 1164 873 1240 poniturl‘
910 1177 1044 1243 Spaldingss
1074 1166 1107 1228 ad
1171 1164 1189 1205 ⁸*

125 1240 256 1325 Quinctil.
280 1251 314 1315 4,
332 1252 367 1312 2,
384 1249 410 1302 4.
431 1263 497 1305 sant
520 1255 594 1307 enine
612 1267 680 1308 ante
704 1260 798 1310 omnia
818 1258 955 1328 quaedam
975 1271 1033 1313 tam
1052 1260 1109 1316 bre·

50 1359 56 1365 ·
126 1359 177 1397 ves
193 1357 306 1392 caussae
325 1347 375 1388 etc.
411 1337 496 1400 1,2‚
522 1337 547 1389 8.
580 1336 729 1404 a,15,1.
762 1339 910 1407 4,t,40.
935 1344 977 1397 62.
1012 1345 1107 1415 5‚1s,

125 1425 153 1480 6.
188 1421 335 1492 9,1,23.
371 1423 411 1473 Gi.
429 1424 629 1475 Frotseher.ad
650 1422 791 1488 10‚a‚4.
1038 1434 1040 1438 ‘

152 1529 229 1581 *Iria
245 1526 280 1593 7,
297 1527 331 1590 4,
347 1524 375 1578 3.
390 1523 527 1578 acerbitas
547 1527 577 1578 in
598 1526 707 1581 delectu
733 1553 767 1570 ·-
792 1531 968 1586 inviscerat
992 1545 1020 1587 et
1042 1545 1108 1589 ante

20 1668 23 1679 ,
125 1615 222 1697 omnia
240 1615 359 1668 invisum
379 1615 472 1682 ipsum
493 1614 636 1683 ingenium
651 1624 742 1665 atrax.

10 1694 26 1795 ΕΙ
139 1716 198 1781 lv.
241 1714 440 1780 Aduerbiurn
458 1733 553 1780 ANTE
573 1716 661 1802 apud
683 1709 799 1802 poetas
819 1727 851 1779 et
867 1717 900 1779 in
917 1737 978 1780 usu
994 1719 1107 1803 quoti-

10 1832 22 1879 s
58 1802 146 1868 iliani
164 1801 326 1866 sermonis
345 1824 442 1887 saepe
464 1802 507 1863 ita
530 1823 605 1864 cum
627 1802 818 1865 nominibus
841 1802 1049 1866 substantivis
1075 1813 1111 1867 et

10 1882 29 1945 ἱ·
57 1888 222 1954 adieetivis
248 1887 482 1976 copulabatur,
513 1897 550 1950 ut
569 1909 657 1954 nova
676 1888 847 1952 exsisteret
871 1887 1107 1952 vocabulorum

10 1998 26 2015 “·
43 1973 280 2062 compositio:
301 1973 389 2059 quod
406 1974 613 2059 grammatici
628 1995 690 2060 per
706 1973 843 2060 hyphen
861 1995 918 2036 seu
935 1973 1107 2058 syntlrcsin

24 2059 186 2125 iactum
217 2082 285 2122 esse
308 2059 431 2122 dicunt.
482 2059 576 2122 Hanc
608 2058 643 2122 in
667 2059 796 2123 dicendi
827 2058 971 2121 formam
1002 2082 1107 2146 quum

42 2144 320 2213 'Antachara
342 2145 376 2209 in
395 2144 566 2211 Observat.
585 2150 624 2224 2,
648 2147 701 2208 la.
727 2144 1023 2208 considerationem
1050 2147 1106 2209 in-

10 2280 12 2285 ·
53 2231 233 2310 tendisset,
257 2252 369 2294 earum
387 2230 620 2316 elegantiarum
639 2229 785 2313 fautores
801 2233 973 2294 innumera
990 2253 1105 2295 exem-

52 2318 113 2408 pla
129 2317 172 2380 ad
187 2317 272 2382 hane
287 2315 434 2402 regulam
452 2315 757 2387 accommodarunt.
799 2316 889 2381 Inter
911 2339 967 2382 eos
989 2319 1105 2380 nomi·
1140 2379 1143 2383 ,

53 2402 160 2470 naudi
176 2401 454 2466 suntGebhardus
471 2403 506 2464 in
528 2402 616 2467 notis
632 2402 672 2464 ad
689 2403 902 2490 Propertium
919 2411 950 2464 et
964 2403 1121 2485 Livium‚'

12 2511 24 2529 ··
56 2487 338 2579 Casp.Barthius.
385 2487 451 2550 Sed
468 2489 503 2554 in
526 2486 588 2552 hac
604 2509 737 2574 quoque
761 2509 798 2550 re
823 2497 900 2551 sunt
925 2488 1004 2552 eerti
1029 2489 1105 2574 qui-

55 2573 134 2642 dam
150 2573 243 2638 fines.
265 2573 309 2636 Et
322 2571 552 2638 Broukhusius
567 2573 607 2636 ad
621 2574 776 2659 Propera
794 2577 822 2648 1,
849 2579 878 2652 1,
898 2578 930 2651 2,
956 2567 1106 2662 prudenss

54 2673 107 2727 ter
132 2661 272 2726 iudicat:
310 2658 391 2743 „qui
423 2655 719 2748 antecupidioibus
749 2658 951 2721 coniunctim
980 2659 1106 2744 legunt,

54 2747 212 2815 videntur
222 2742 306 2808 mihi
323 2766 378 2808 rus
395 2743 476 2806 illud
493 2743 670 2807 horridum
684 2743 839 2807 reducere
855 2754 951 2828 atque
970 2767 1010 2808 ex
1019 2747 1106 2809 Pro-

55 2832 167 2922 pertio
194 2831 321 2895 Attium
347 2827 487 2915 aliquem
519 2829 571 2894 vel
598 2830 776 2895 Pacuvium
804 2827 959 2914 effingere
987 2828 1106 2914 velle.“

58 2917 220 2990 subtilius
235 2938 307 2981 rem
323 2917 471 2979 tractavit
489 2915 532 2982 Is.
544 2915 680 2989 Vossius
695 2916 729 2978 in
744 2913 853 2978 instit..
867 2925 948 2977 orat.
966 2918 1000 2995 5,
1019 2917 1051 2997 4,
1071 2921 1104 2982 6.

42 3028 93 3093 p.
115 3009 191 3068 317.
246 3002 333 3066 Nam
360 3001 531 3067 universus
558 3022 635 3067 usus
661 3000 807 3064 maxime
829 3002 1017 3064 continetur
1043 3002 1104 3066 ad-

54 3090 175 3158 verbiis
191 3085 428 3175 temporalibus
445 3097 542 3165 ante,
556 3097 651 3171 post,
667 3085 767 3161 olim,
783 3098 931 3171 semper,
952 3089 1105 3172 negatio-

55 3176 156 3242 nibus
181 3197 223 3240 ne
244 3184 276 3236 et
298 3188 378 3248 nec,
395 3181 427 3236 et
450 3172 608 3236 adverbiis
626 3170 707 3235 bene
724 3182 754 3234 et
772 3172 846 3237 mal
866 3218 873 3234 .
925 3171 1033 3237 Nemo
1052 3183 1104 3235 ta-

54 3276 137 3329 men
159 3281 235 3323 cum
256 3257 480 3323 Ramshornio
506 3255 572 3321 huc
593 3255 715 3324 referet
739 3269 853 3323 aetate
868 3280 1011 3344 greces,
1042 3256 1104 3322 ob-

56 3346 215 3416 eiamitia
233 3354 265 3408 et
283 3343 422 3423 similia,
445 3364 552 3433 neque
598 3342 744 3429 articipia
767 3355 972 3428 anteparta,
1003 3355 1104 3408 oute-
1161 3408 1165 3431 ι

47 3432 175 3526 facta,
195 3430 321 3517 aliaque
337 3426 493 3513 singulari
509 3365 613 3492 modo
630 3431 817 3514 composita
836 3449 905 3493 csse
921 3429 1061 3516 putabit.
1149 3498 1152 3506 Α

164 3549 266 3617 -Virgi-l.
282 3552 345 3600 Aen.
365 3548 396 3612 1,
416 3548 478 3602 198„
493 3567 579 3621 neque
599 3541 673 3602 enim
690 3552 784 3620 ignari
796 3568 899 3607 sumus
924 3561 991 3603 ante
1016 3550 1105 3603 nsalo-
1125 3584 1130 3593 ·
1172 3574 1176 3583 ·

123 3656 194 3691 rtem.
229 3635 350 3686 Isidorus
367 3634 394 3684 in
415 3635 504 3686 Gloss.
519 3633 634 3702 explicat
645 3635 858 3704 praeteritorum
877 3623 1022 3686 naulorum.
1039 3639 1103 3687 Ser-

124 3722 181 3773 uius
201 3712 282 3786 sitnia
303 3718 334 3785 id
353 3728 395 3771 est
410 3723 589 3790 antiquorum
607 3716 893 3778 nralorun1,utalibi:
911 3718 982 3772 coeli
999 3717 1104 3773 subter-

127 3803 254 3869 labentia
272 3805 363 3874 signa.
396 3805 445 3854 Est
461 3804 520 3859 ntia
536 3799 675 3873 andreaea
695 3805 800 3858 κακῶν.
841 3804 966 3865 Quinctil.
987 3807 1105 3858 Declam.

127 3892 160 3955 1,
179 3885 221 3939 14.
244 3885 294 3940 ille
313 3887 413 3958 elegit,
431 3891 479 3960 qui
496 3893 596 3959 recipit
611 3901 678 3943 ante
695 3889 844 3942 meliorem.

171 3995 202 4042 In
218 3991 275 4042 Liv.
292 3990 327 4055 2,
352 3989 403 4057 62,
427 3991 454 4045 7.
480 3993 622 4045 Gebhardn
646 3994 745 4062 placuit
766 4003 796 4042 ut
823 3993 851 4042 in
879 3993 995 4062 publico
1025 4007 1105 4050 anto·
1133 4027 1134 4031 =
1160 4010 1163 4021 ·

126 4076 261 4148 periculo.
295 4095 372 4127 nemo
399 4077 571 4145 adstipulatus
597 4089 646 4131 est.
688 4081 717 4128 ln
743 4076 884 4144 Capitolini
914 4084 1040 4136 Gordian.
1061 4085 1116 4155 24.Ι

127 4163 267 4214 Salmasius
288 4181 302 4215 e
320 4161 379 4213 cod.
394 4162 450 4225 Pal.
466 4162 598 4214 restituit:
625 4183 709 4236 quem
729 4166 800 4218 inter
817 4182 846 4218 se
866 4164 901 4220 de
921 4165 1002 4222 bortis
1020 4174 1107 4241 pessi·
