2618 4770
531 327 769 392 muoovn.
820 296 823 301 ’
1107 340 1166 399 171
1244 406 1246 411 ,

122 502 148 538 ·,
193 493 269 556 utque
291 481 358 537 iude
384 483 516 552 ingressis
541 490 618 533 totns
644 479 796 537 admodum
815 487 946 551 pervius,
972 504 1062 556 prope
1082 507 1168 558 qm.

191 576 242 625 tum
258 576 340 636 patet
357 573 465 636 specui.
484 567 557 634 quod
580 582 635 616 non
658 576 699 623 est
721 585 794 636 pene
819 577 896 621 totus
915 576 1047 640 pervius,
1063 576 1104 626 'ut
1122 577 1167 626 elii

190 653 362 723 accipiebant,
387 652 433 703 sed
455 653 561 703 omuino
580 661 672 713 totus,
695 669 769 722 ganz
787 652 933 724 ordgar:
958 655 987 705 id
1007 658 1083 724 ,quod
1107 660 1167 711 aliis

191 737 313 811 exemplis
322 737 402 803 ‚infre
423 736 610 807 comprobabo.
644 736 806 803 lntelligitur
824 739 894 789 enim
916 740 1011 790 montis
1030 742 1167 809 longitudo

190 840 241 875 cum
254 821 395 874 latitudine
412 838 505 895 specus
522 816 838 896 ὀοωρ1111α.2,7,12.
860 819 895 875 de
910 821 1036 877 amnibus
1054 825 1168 881 Himera
1252 828 1254 838 '

119 906 126 951 -'
189 898 365 977 referendus,
389 910 455 980 quio
471 908 499 959 in
514 905 606 961 media
622 905 775 959 admodum
790 917 883 967 ortus,
895 911 932 961 sie
948 907 1058 965 diversa
1075 910 1168 964 decur-

188 996 229 1047 rlt.
244 991 423 1055 Tzschuckius
441 992 630 1060 interpretetur
642 985 727 1060 fere.-
744 1001 771 1042 ut
791 992 862 1043 Mela
878 991 961 1046 dixit:
980 994 1008 1045 in
1027 995 1084 1065 ipsa
1106 1014 1164 1049 me·
1237 1037 1240 1044 .

130 1084 134 1091 ’
190 1077 228 1154 diu
247 1076 349 1131 insula:
372 1077 476 1148 gerade
493 1080 522 1130 in
541 1074 589 1128 der
608 1075 711 1131 Mitte.

149 1233 155 1255 ι
218 1156 279 1243 Cic.¹
290 1171 323 1223 de
341 1173 408 1224 Fato
429 1171 498 1241 apud
522 1169 640 1220 Macrob.
659 1171 714 1219 Sat.
731 1168 765 1230 2,
786 1168 827 1220 12.
846 1167 955 1225 allatus
978 1171 1020 1228 est
1041 1174 1168 1244 Scipioni
1249 1194 1251 1201 ⁴

118 1300 123 1307 .
188 1258 359 1327 accipenser,
378 1259 428 1329 qui
437 1252 600 1332 ‘admodum
619 1270 683 1306 raro
701 1255 818 1322 capitur.
839 1255 911 1304 Curt.
928 1253 964 1317 4,
982 1255 1030 1318 18,
1048 1257 1091 1310 25.
1105 1279 1167 1313 raro

170 1330 337 1403 ,admodum
349 1338 496 1393 admonitu
511 1341 665 1391 anticorum
682 1364 716 1384 -·
735 1341 778 1390 uti
795 1336 914 1392 solebat.
934 1341 989 1392 Cio.
1006 1344 1084 1396 Acad.
1100 1347 1168 1414 apud
1187 1409 1188 1412 Ἴ

186 1427 298 1490 Nonium
314 1424 341 1488 7,
360 1421 404 1477 67.
422 1427 447 1478 si
467 1421 580 1496 quaudo
598 1425 732 1476 criminos
752 1421 929 1476 demersimus
947 1437 978 1478 ut
995 1432 1042 1500 qui
1057 1434 1169 1485 urinan-

188 1523 243 1576 tur‚
264 1521 316 1564 aut
337 1503 409 1562 nibil
426 1526 573 1578 superum,
592 1517 643 1558 aut
663 1502 777 1561 obscure
794 1506 945 1560 admodum
964 1498 1107 1568 cemimus.

216 1607 325 1667 Terent.
344 1597 440 1655 fleant.
471 1602 504 1663 1,
529 1603 561 1664 1,
587 1602 613 1652 1.
637 1619 805 1672 quamquam
825 1599 893 1654 daec
917 1605 989 1656 inter
1014 1624 1065 1658 nos
1081 1628 1169 1680 nuper
1241 1598 1265 1637 ’⁸

131 1687 142 1760 J
188 1691 287 1753 notitia
303 1687 457 1753 admodum
475 1696 529 1739 est.
551 1687 568 1738 i.
586 1705 610 1737 e.
632 1703 715 1755 nuper
733 1686 888 1750 admodum,
903 1706 977 1758 gam
993 1692 1167 1765 neuerdings.

115 1770 122 1791 ⁸
188 1776 240 1835 liv.
261 1772 312 1839 34,
335 1770 384 1837 13,
410 1769 439 1823 4.
465 1767 512 1822 ubi
538 1772 609 1824 sotis
635 1770 787 1823 admodum
814 1781 844 1824 et
872 1789 983 1828 suorum
1001 1784 1029 1827 et
1046 1774 1168 1832 bostium

168 1863 290 1915 'animos
313 1867 356 1912 cst
379 1865 519 1927 expertus.
556 1855 681 1906 Dukerus
706 1855 880 1925 suspicionem
902 1860 1010 1924 excitat,
1032 1863 1167 1914 Ernestius
1207 1851 1210 1862 ’

187 1944 302 2014 Ιεχρίἱοιη
317 1937 400 2010 ferei
416 1950 537 2009 neutrum
553 1939 660 2008 probari
678 1952 774 2009 potest.
809 1943 891 1994 Verte
907 1944 985 1996 modo
1002 1947 1054 1998 ista
1072 1950 1166 2000 verba:

96 2102 97 2108 1
189 2021 358 2102 liuldrigliclr
375 2045 485 2100 geung,
506 2044 559 2097 gar
576 2045 677 2099 gecug.

220 2125 282 2176 Cum
294 2123 375 2174 verbo
393 2124 507 2180 nimium
523 2121 663 2177 coniunxit
678 2122 820 2179 Columella
837 2119 872 2187 4,
889 2121 943 2188 21,
958 2122 983 2175 2.
1006 2127 1062 2181 nisi
1078 2121 1103 2182 ii
1117 2127 1167 2181 ad.
1190 2123 1208 2136 ·“

191 2208 296 2262 modum
314 2204 531 2261 nimia'ubertus
548 2205 656 2276 plureis
675 2205 842 2277 postulabit.

129 2349 132 2355 .
214 2298 259 2354 diri
276 2301 435 2371 superlativo
454 2300 562 2366 adiungi
579 2302 663 2368 possit
692 2303 725 2352 ob
752 2303 931 2369 exemplorum
954 2303 1091 2355 raritatem
1115 2306 1167 2356 du·
1224 2275 1237 2305 x
1259 2343 1263 2354 .

192 2389 295 2452 bitntur.
328 2387 438 2439 libetur.
460 2386 495 2436 ad
518 2387 633 2438 Herenn.
650 2385 684 2450 4,
704 2387 753 2449 12,
775 2386 816 2440 17.
833 2406 903 2458 quae
926 2391 1047 2447 mraxime
1071 2390 1168 2444 admo-

168 2536 175 2549 Ι
190 2472 249 2526 dum
266 2472 374 2529 oratori
393 2471 606 2524 accommodata
623 2483 673 2526 est.
694 2473 741 2525 scd
753 2472 857 2523 codices
876 2472 987 2525 variant.
1007 2475 1167 2528 Oudendor-

191 2560 243 2628 pius
260 2559 343 2613 haec:
372 2557 503 2622 „offendit
529 2557 652 2607 librarios
675 2559 826 2609 coniunctio
853 2574 944 2608 vocum
970 2561 1091 2614 maxime
1118 2563 1169 2614 ad·

192 2643 316 2701 modum:
342 2643 389 2695 sed
407 2642 562 2713 synonymia
574 2643 718 2713 aliquando
729 2661 789 2694 non
807 2642 989 2713 abstinuerunt
1008 2645 1086 2707 etium
1103 2647 1166 2701 bre-

94 2716 97 2755 4
187 2731 279 2781 vissimi
300 2729 473 2797 scriptores.“
516 2730 551 2779 Et
572 2731 719 2796 comparari
737 2741 845 2797 poterat
866 2748 927 2781 usus
952 2729 1091 2781 verborum
1108 2751 1169 2800 per·

192 2834 287 2886 quam,¹
301 2813 404 2882 valde,
424 2817 511 2875 sacis,
532 2831 590 2864 curn
617 2809 775 2885 superlitivo
799 2817 956 2879 iunctorum.
990 2814 1097 2866 Scilicet
1124 2818 1167 2866 fa-

94 2904 96 2909 ’
190 2903 308 2954 cillimum
326 2911 383 2953 erat
409 2900 498 2953 delere
517 2900 688 2968 particulam,
712 2902 783 2969 quod
807 2919 854 2952 suo
878 2902 934 2952 iure
956 2899 1106 2950 Schiitzium
1124 2902 1168 2952 fe-

190 2988 250 3038 cisse
268 3004 322 3039 non
340 2986 523 3037 affirmaverim
542 3003 600 3036 cum
616 2986 773 3037 Gerrhurdo
791 2987 897 3038 ud'Gic.
916 2986 987 3039 Lael.
1006 3004 1031 3053 p.
1053 2981 1096 3036 41.
1119 2988 1167 3037 Α]-

194 3084 248 3124 tera
273 3089 337 3123 vero
362 3072 493 3140 scriptura
521 3069 691 3123 admodum
716 3076 950 3139 oratoris,qua1n
967 3071 1049 3121 miror
1068 3089 1169 3124 nuncu

189 3157 336 3209 Goerenzio
366 3160 395 3210 in
427 3156 514 3209 Iehnii
539 3157 634 3210 Annal.
659 3158 752 3226 philol.
781 3158 805 3212 1.
828 3178 855 3228 p.
880 3156 941 3210 298.
966 3156 1089 3226 probari,
1115 3176 1169 3209 non

186 3255 274 3313 aptum
292 3261 395 3297 sensum
405 3244 541 3314 praebet,
558 3261 607 3294 nec
626 3243 708 3293 latina
729 3255 778 3298 est.

200 3352 231 3411 2.
281 3345 484 3410 Peculicrem
514 3366 612 3408 usum
637 3344 793 3411 'efficiunt
823 3337 982 3412 uocabula
1017 3346 1167 3412 iuvenilis

136 3434 247 3510 nemim,
268 3431 437 3517 inquibus
457 3429 656 3518 explicandis
681 3432 875 3519 interpretes
890 3430 1095 3498 rioii'bmncs
1114 3438 1167 3495 cc'-
1180 3440 1209 3449 “”

135 3514 373 3582 cu'rir'l'e'ierscti
395 3529 483 3582 sunt.
534 3515 731 3580 Admodum
754 3517 950 3584 adolescens
975 3520 1114 3606 proprie
1139 3518 1167 3580 is

132 3599 257 3683 dicitur,
279 3603 315 3666 in
338 3624 405 3689 quo
425 3603 529 3667 multo
550 3601 656 3666 adhuc
678 3613 725 3666 cst
747 3602 985 3678 adolescentia,
1014 3604 1067 3666 vel
1091 3603 1166 3666 sutis

128 3688 374 3768 adolescentiae,
399 3689 520 3775 quique
535 3687 576 3750 cb
593 3687 800 3753 adolescendi
820 3687 886 3753 linc
910 3691 1051 3774 longum
1065 3688 1167 3752 obest.

126 3771 149 3836 ls
178 3776 279 3839 etiarn
312 3773 582 3839 adolescentulus
613 3797 629 3837 u
656 3775 798 3861 pelletur
833 3784 865 3838 et
891 3773 1166 3860 perudolesccns.

126 3859 186 3924 (lic.
203 3861 328 3948 plege
347 3860 515 3941 11111121,
537 3864 590 3925 61.
622 3797 891 3925 donibodwcll.
900 3860 1017 3923 Anncl.
1027 3859 1166 3939 Quintil.
1262 3886 1268 3911 ι

123 3949 149 4008 3.
171 3969 207 4033 p.
235 3951 327 4010 1120.
344 3947 457 4011 Burm.
503 3945 608 4010 Beier.
634 3945 672 4009 ud
703 3945 770 4011 Cic.
795 3946 835 4011 de
859 3944 927 4011 Ols.
956 3950 995 4024 2,
1025 3950 1083 4024 13,
1112 3944 1166 4007 47.

123 4030 340 4108 Schwnrizius
363 4032 398 4094 in
412 4033 566 4096 Monum.
583 4032 692 4117 ingen.
714 4034 746 4094 4.
759 4032 801 4095 Τ.
819 4055 851 4117 p.
869 4031 943 4094 340.
962 4050 1066 4114 quum
1080 4029 1166 4094 bunc

120 4114 302 4183 formulam
319 4117 361 4183 ud
378 4116 653 4203 significationem
673 4118 868 4206 particulae,
906 4127 1071 4202 peculum
1090 4138 1166 4179 mo-
