2618 4770
986 218 996 247 x
1069 198 1071 202 Α

172 261 236 328 rea
428 248 430 255 '
517 257 724 351 nuere.
771 259 840 327 m.
915 351 917 355 γ

238 409 380 487 negotiisr
407 411 437 464 in
460 412 533 469 bello
559 415 629 467 enim
653 414 788 485 ingenium
808 396 982 488 comprobent
1009 431 1038 476 et
1064 423 1190 494 pericula
1206 433 1230 478 et

237 500 365 554 militaria
384 499 500 565 negotia.
536 500 589 552 cic.
606 502 639 554 de
656 504 718 554 Nat.
737 505 770 554 D.
787 502 821 568 2,
838 502 888 568 60,
906 503 965 557 160.
980 505 1140 580 digitorum
1159 515 1229 565 enim

210 607 213 610 ’
239 584 395 640 contractio
407 579 515 653 facilis
533 581 692 658 facilisque
718 589 857 658 porrectio
888 600 1006 661 propter
1029 594 1132 649 mollis
1163 615 1231 650 com*

238 673 373 725 missuros
398 679 426 722 et
452 679 530 722 artus
560 669 642 723 nullo
669 676 698 726 in
723 683 801 724 motu
830 672 952 728 laborat·
976 680 1156 749 reaccipies
1184 701 1230 750 pro

240 754 414 813 commissuris
432 765 549 821 artuum,
570 755 690 836 intellige
705 758 902 826 porrectionem
915 761 1075 828 digitorum,
1092 783 1165 833 quae
1186 766 1228 818 fiat

240 861 290 915 per
308 841 401 901 molles
420 841 607 891 commissurus
620 851 648 893 et
662 860 710 911 per
729 853 831 894 mtuum
849 854 938 914 eptam
953 857 1085 905 naturam.

253 967 285 1027 6.
319 959 384 1024 Sed
402 957 468 1034 hoc
485 949 638 1023 etiam'nd
656 960 847 1025 universum
865 982 963 1033 usum
979 969 1120 1052 spectat.
1143 965 1228 1033 Nam

168 1047 211 1133 in,
227 1045 419 1117 nominibus
443 1065 504 1132 per
529 1057 651 1121 ATQVF.
680 1044 863 1111 coniunctis
894 1053 1140 1139 proprietatem
1167 1057 1227 1118 ali-

170 1152 273 1223 qunm
297 1131 398 1195 habet
421 1129 492 1217 ipsu
516 1129 702 1194 collocatio
761 1132 895 1198 Nomen
921 1133 1015 1199 'enirn
1041 1141 1227 1227 posteriori

167 1222 245 1286 loco
264 1219 423 1304 positum,
441 1225 475 1278 et
491 1238 553 1302 per
570 1228 671 1302 atque
686 1234 822 1297 nexum,
840 1224 1072 1312 auipruviiate
1096 1234 1132 1288 et
1152 1250 1226 1290 maa

123 1307 241 1389 ‘tiore
254 1300 487 1392 ripe-aeratas,
514 1309 569 1365 aut
591 1302 768 1389 notionem
792 1300 1225 1394 eontinetjme‘antece-

125 1380 304 1477 Q‘deirtem
331 1387 512 1479 distinctius
531 1386 662 1474 reddit,
693 1398 748 1450 aut
775 1391 961 1456 universam
980 1395 1128 1481 aliquam
1153 1421 1225 1462 rem

123 1474 348 1565 &significem
365 1473 410 1538 a'd
422 1474 521 1559 quum
536 1470 587 1552 id,
603 1471 693 1558 quod
711 1472 999 1542 ante'i'iii‘ctri'ffi'es
1015 1484 1224 1569 ''stumquam

167 1586 245 1652 pars
262 1561 395 1641 attinet,
413 1559 470 1621 nbi
488 1576 550 1621 nos
568 1577 767 1644 usurpamus
783 1561 855 1624 und
870 1561 1076 1656 riberleoupm
1094 1580 1152 1632 aut
1168 1571 1223 1633 de-

126 1648 270 1735 ignique
292 1649 328 1712 in
350 1667 384 1709 se
408 1643 507 1708 hebet
525 1644 669 1730 aliquam
686 1636 1088 1739 co,neeqi'1‡ii1iiiii}'“qiae
1110 1672 1155 1718 ex
1181 1658 1222 1719 li-

81 1770 85 1786 .
167 1735 441 1821 omipotestper
458 1729 617 1825 ideoque,
645 1730 717 1794 und
738 1735 884 1807 scocula,
909 1735 981 1799 und
1003 1736 1089 1801 aleo.
1134 1679 1220 1806 liiec

167 1830 280 1921 operte
297 1814 570 1906 comproii'intur'
584 1818 758 1880 'communi
775 1821 946 1901 omniurn,
970 1824 1116 1908 quinon
1139 1850 1221 1915 neg-

166 1900 327 1995 ligenter,
351 1904 407 1968 sed
429 1922 506 1967 cum
523 1902 644 1967 iudicio
663 1912 823 1967 eternate
845 1904 1050 1990 loquuntur,
1074 1906 1220 2000 scripto*

165 2012 245 2059 rnm
258 2013 337 2073 usn,
355 1999 387 2054 et
402 1991 430 2056 si
445 2010 527 2076 quae
541 1989 581 2052 iis
600 1989 764 2052 contraria
779 1991 996 2076 reperiantur,
1013 2007 1083 2057 non
1102 1999 1220 2063 obsera

17 2076 20 2080 ’
91 2094 100 2115 ²
127 2086 134 2097 '
164 2079 305 2145 tationis
331 2098 497 2153 errorem,
527 2073 587 2139 sed
613 2074 790 2171 elegantiae
823 2074 987 2142 defectum
1014 2081 1219 2165 indicabunt,

165 2165 231 2230 nisi
246 2168 313 2251 ipsa
331 2163 397 2226 sint
421 2161 518 2224 alieni
543 2182 680 2245 genens.
723 2160 809 2224 Nam
832 2181 902 2226 non
929 2166 1040 2228 omnia
1067 2164 1137 2234 vim
1160 2171 1218 2235 ha*

114 2292 116 2297 -
165 2248 245 2316 bent
263 2247 465 2344 oratorium,¹
498 2256 529 2308 et
556 2255 699 2332 possunt
725 2249 823 2310 etiam
852 2270 915 2334 per
937 2261 1038 2337 utque
1062 2253 1217 2344 coniungi

167 2335 335 2423 aequalia,
356 2355 390 2395 sn
412 2331 530 2416 quibus
544 2342 659 2396 neutra
678 2353 754 2418 pare
772 2334 949 2419 praevalet.

268 2455 309 2506 Ad
333 2455 445 2524 primum
472 2471 553 2521 genus
581 2449 647 2502 haec
674 2453 827 2520 pertinenti
846 2456 931 2506 Tacite
949 2449 1017 2508 Hist.
1035 2458 1070 2524 2,
1092 2457 1136 2509 70.
1152 2455 1215 2529 'foe-

234 2541 301 2594 dum
320 2549 406 2610 atque
423 2537 725 2608 otrox'spectncnlum.
751 2543 800 2590 Ans
818 2538 868 2602 13,
889 2540 931 2591 19.
949 2541 1021 2594 nihil
1038 2559 1130 2595 rerum
1151 2563 1215 2596 mor·

232 2626 334 2680 'talium
356 2635 415 2676 tam
441 2622 574 2677 instabile
601 2643 633 2675 ac
647 2621 758 2692 fluxum
783 2635 825 2677 est
846 2641 928 2695 qnam
943 2623 1031 2695 farreo
1049 2631 1215 2697 potentium·

232 2708 567 2775 cte.verr.2‚17‚4e.
593 2727 675 2776 quum
703 2708 798 2762 multis
822 2708 956 2782 lacrymis
980 2731 1042 2766 sum
1064 2724 1159 2767 oraret
1176 2724 1215 2767 et·

233 2816 285 2869 qne
304 2795 467 2849 obsecraret.
502 2796 561 2845 Alia
578 2795 666 2863 paullo
685 2805 747 2862 post
765 2794 892 2848 dabimus.
913 2812 916 2818 ·
1002 2788 1004 2793 ’

267 2900 380 2952 Secundi
399 2898 503 2967 generis
524 2907 596 2948 sunt:
617 2898 722 2948 Sallust.
745 2899 800 2965 Cat.
818 2897 851 2962 2,
873 2898 898 2949 9.
917 2901 941 2952 is
959 2897 1070 2951 demum
1088 2899 1159 2952 milri
1177 2903 1214 2953 vi·

230 3003 294 3039 vere
313 2995 395 3054 atque
407 2981 473 3053 frui
497 2986 593 3035 aninlo
619 2982 731 3036 videtur
750 2987 801 3037 etc.
837 2984 1043 3051 Cornel.1phic.
1068 2980 1101 3048 i,
1122 2985 1146 3036 1.
1165 3004 1213 3056 pro

229 3074 310 3124 sertis
337 3081 420 3141 atque
440 3072 533 3122 aeneis
558 3067 659 3120 linteos
678 3066 764 3119 dedit.
791 3065 836 3118 ubi
852 3071 939 3120 Bromi
958 3070 1073 3133 explicat
1090 3072 1149 3137 und
1169 3093 1214 3124 uu*

229 3153 370 3211 nreutliclr.
404 3155 463 3208 Liv.
480 3155 515 3219 2,
533 3152 583 3216 31,
610 3152 634 3202 1.
659 3166 710 3222 per
735 3150 832 3204 dolum
856 3166 889 3206 ac
912 3153 1102 3222 proditionem
1128 3171 1215 3226 prope

230 3240 346 3295 libertas
364 3243 467 3292 omisso
485 3249 536 3292 est.
565 3239 583 3289 l.
602 3256 625 3289 e.
643 3247 670 3288 et
689 3256 737 3306 per
757 3238 936 3306 proditionem
954 3239 1076 3306 quidem:
1092 3241 1148 3290 'sed
1166 3242 1216 3292 alia

230 3327 336 3379 ratione
360 3326 445 3376 Tacit.
464 3325 534 3375 Hist.
554 3324 585 3389 1,
603 3318 629 3372 7.
658 3327 758 3377 crimen
782 3342 816 3375 ac
842 3322 938 3392 dolum
960 3328 1151 3393 corapositum'
1176 3326 1216 3378 ul·

229 3423 282 3465 tro.
306 3412 325 3461 i.
345 3429 368 3462 e.
394 3411 493 3462 crimen
521 3409 649 3459 dolosum.
683 3409 769 3460 Tacit.
797 3411 885 3460 Germ.
910 3405 953 3461 34.
976 3400 1157 3481 ¹sanctiusque
1185 3429 1217 3462 cc

227 3497 394 3549 reverentius
412 3498 503 3548 visum
521 3493 555 3547 de
575 3497 645 3546 actis
667 3488 781 3547 deornm
800 3495 907 3548 credere
932 3512 1014 3566 quam
1031 3497 1111 3548 scire.
1149 3491 1215 3547 Cere

226 3591 337 3642 temen,
356 3598 391 3631 ne
408 3580 523 3648 explices
541 3597 588 3647 per
608 3579 638 3631 id
660 3590 712 3631 est.
964 3573 967 3587 '

262 3683 416 3736 Vniversam
433 3701 489 3734 rem
515 3692 577 3750 post
596 3682 754 3748 singularem
781 3691 874 3732 notant
899 3683 981 3733 haec}
1008 3678 1211 3749 cto.p.1)om0

227 3767 277 3832 28,
300 3765 343 3818 74.
364 3767 399 3820 de
417 3785 476 3820 meo
499 3764 647 3818 consulatu
664 3785 697 3817 ac
722 3765 755 3818 dc
783 3771 851 3820 meis
877 3765 957 3819 rebus
982 3770 1070 3838 gestis
1098 3765 1210 3835 anzplr's·

227 3856 299 3906 sima
316 3862 406 3922 atque·
419 3855 599 3903 ornatissima
617 3849 725 3902 decreta
737 3845 878 3919 fecerunt.
913 3853 953 3903 De
972 3853 1030 3904 Fin.
1050 3851 1082 3916 1,
1104 3852 1151 3914 10,
1168 3847 1210 3903 34.

229 3939 335 3992 Siccine
355 3955 401 3989 eos
426 3954 516 3989 censes
536 3945 585 3987 aut
606 3938 635 3988 in
653 3946 790 3987 armatum
817 3934 923 3988 hostem
942 3929 1076 4006 imp'etum
1093 3933 1213 4006 secisse,

225 4032 276 4074 ant
294 4025 323 4074 in
341 4021 452 4086 liberos,
467 4033 549 4092 atque
568 4024 597 4074 in
614 4025 777 4088 sanguinem
792 4037 873 4072 seeum
892 4033 951 4073 tam
968 4021 1094 4074 crudeles
1111 4018 1214 4090 fuisse.

201 4094 204 4105 ⁴
224 4105 244 4158 i.
257 4124 281 4160 e.
296 4124 386 4178 gegen
403 4110 478 4164 scine
495 4106 604 4162 Kiader
617 4105 674 4166 und
690 4103 848 4194 uberhaupt
863 4111 938 4164 scine
954 4106 1216 4162 Blutsverwandte.
