2618 4770
155 322 224 415 nii
604 338 741 408 amns,

229 516 284 555 non
300 496 355 553 ulie
373 492 529 552 occasiones
545 495 593 550 sed
607 497 715 561 trustra.
741 497 838 551 Melius
852 498 1063 567 demonstrasset
1077 508 1152 569 usam
1163 503 1202 559 las

155 578 161 605 ²
224 606 276 641 una
294 585 409 639 formula
427 582 580 635 coercitum.
612 584 686 639 curs
707 582 745 650 8,·
768 585 803 651 1,
827 584 871 641 24.
894 585 1079 643 debilitatam
1093 588 1202 663 uuluae¹

224 670 301 746 quod
321 671 348 723 in
366 688 400 723 ea
419 669 645 723 consternatione
658 682 813 742 streperet,
821 675 943 729 iacuisse
960 691 1019 728 non
1035 672 1116 729 alias
1131 680 1202 750 μα’

223 757 405 816 simulatione
425 757 525 808 mortis
544 755 684 809 tutiorem.
709 755 811 825 8514,
829 756 874 811 16.
1135 769 1138 775 '
1196 752 1200 757 ’

154 868 159 873 ·
254 860 360 930 leien.
372 856 434 925 Dig.
450 854 502 922 ts,
519 855 553 926 8,
568 857 614 912 29.
631 863 768 932 opposita
779 861 846 915 doli
867 862 1042 933 exceptione,
1058 877 1118 914 non
1134 857 1198 917 atu.

221 956 338 1019 cogetur
355 945 382 998 ei
398 941 483 997 heres·
499 941 625 1013 legatum
642 946 869 1018 solvere',·ouam
884 950 912 1002 si
928 949 1037 1002 tavent
1056 945 1192 1019 indemnes

222 1031 276 1086 hoe
303 1031 417 1083 nomine
440 1026 567 1082 heredem
588 1025 732 1099 futurum.
750 1029 816 1098 tt,
832 1029 867 1099 1,·
882 1031 915 1097 1,
931 1033 966 1088 λ’
986 1034 1093 1086 Paullus
1113 1028 1188 1099 idel,

221 1116 265 1171 87.
283 1133 341 1168 non
360 1116 433 1168 enim
449 1111 525 1168 alias
542 1117 619 1184 perit
636 1117 747 1172 mulieri
769 1119 861 1181 aetio,
886 1122 971 1189 quam
987 1121 1186 1189 sinuptieest·

221 1211 325 1274 quutae
336 1193 460 1269 fuerint.
486 1198 614 1251 Marcion.
631 1200 684 1267 29,
704 1200 790 1268 7,·6;
807 1202 834 1256 2.
852 1199 919 1257 lieet
939 1203 968 1255 in
991 1204 1189 1276 confirmatim'

220 1283 415 1358 codicillorum
433 1278 806 1353 paterfamilias-adiecerit,
827 1296 859 1340 ut
877 1305 935 1341 non
953 1287 1032 1343 alias
1049 1289 1140 1345 valere
1148 1306 1197 1343 sse·

191 1400 193 1405 ·
223 1369 276 1433 lit,
295 1387 379 1443 quam
397 1387 449 1422 sua
469 1386 555 1421 mauu
572 1372 700 1446 signatos
721 1381 749 1424 et
767 1369 949 1442 subscriptos.
978 1374 1086 1445 leiau.
1102 1372 1179 1437 liei

217 1456 245 1512 8.
261 1473 318 1508 non
336 1453 411 1508 alias
426 1456 544 1508 exsistet
558 1452 635 1509 heres
651 1474 687 1509 ex
702 1453 916 1520 substitutione,
937 1460 992 1514 nisi
1003 1470 1032 1515 et
1044 1479 1080 1514 ex
1093 1456 1192 1513 ἐπετίθει

134 1577 136 1581 ⁴
215 1545 293 1599 tione
312 1539 389 1595 lieres
409 1535 509 1610 fuerit.
541 1540 690 1593 Mursianus
715 1541 766 1605 80,
794 1541 829 1607 1,
853 1539 888 1609 6,
913 1543 939 1596 1.
969 1545 1077 1598 Paullus
1096 1542 1180 1615 2131,

213 1624 268 1693 48,
284 1624 323 1678 ⁷.
624 1648 627 1653 ¹
1182 1622 1193 1633 ⁸

185 1762 186 1769 ’
232 1750 283 1812 16.
305 1745 439 1809 Praeter
453 1742 539 1808 hano
554 1742 739 1809 formulam
754 1766 856 1808 uerno
872 1745 1097 1833 antiquiorum
1112 1743 1174 1811 sori·-

168 1843 285 1898 torum
309 1829 410 1895 elios
428 1828 511 1897 dixit
544 1852 609 1917 pro
641 1830 756 1895 aliter.
800 1830 875 1909 tid.
906 1832 1119 1931 Oudendorp.
1141 1832 1190 1897 ed.

142 1857 285 1985 luston.
303 1915 442 1979 Tium.
458 1915 667 1980 etDrokenb.
684 1915 725 1980 ad
740 1916 810 1981 Liv.
826 1920 880 1996 21,
900 1919 954 1998 56,
973 1923 1006 1983 2.
1028 1916 1172 1981 lurrs‘oon-

143 2006 221 2071 sulti
236 2015 348 2068 tomen
364 1999 558 2088 abantiquo
575 2001 814 2066 consuetudine
825 2001 990 2068 discedere
1002 2003 1151 2069 solebant

241 2138 348 2208 leian.
364 2136 425 2204 Dig.
440 2134 494 2200 88,
514 2135 548 2202 8,
562 2135 598 2203 8,,
608 2136 644 2193 ,8.
660 2147 688 2193 et
707 2130 839 2193 lulianus¹
849 2136 924 2194 alias
941 2128 1127 2212 accipiendum
1140 2132 1169 2189 le·

205 2235 306 2299 gutum
324 2222 429 2294 pastelii
442 2225 503 2285 ait,
522 2226 547 2277 si
562 2225 620 2294 ipsi
633 2240 713 2277 servo
729 2212 846 2295 legetur.
937 2243 938 2246 ¹

241 2346 272 2393 In
290 2344 400 2395 Terent.
413 2341 495 2394 Andr.
510 2340 544 2408 8,
564 2342 599 2409 2,
614 2334 661 2396 19.
680 2341 794 2410 leffl'turs
814 2340 884 2414 quid
899 2339 976 2395 alias
994 2339 1092 2396 malim
1106 2342 1170 2414 qim

205 2427 290 2482 hodie
304 2426 355 2481 lta's
369 2427 435 2498 fieri
450 2427 590 2498 nuptias?
619 2429 738 2478 Donatus
764 2427 846 2477 haec:
874 2442 927 2497 pro
952 2446 1000 2482 sur
1014 2420 1168 2489 alias‚-ali0

207 2508 341 2583 t'emp'ore.
361 2513 572 2582 ⁴Atque'eodem
590 2512 670 2564 modo
687 2514 775 2563 Aaron
793 2510 827 2561 ad
842 2512 935 2564 Horat.
953 2516 1037 2566 Serm.
1057 2512 1082 2578 1,
1098 2506 1123 2576 4,
1135 2504 1168 2583 §3
1187 2506 1191 2511 ⁴

204 2599 258 2651 Sed
275 2597 408 2649 Charisius
425 2616 452 2666 p.
471 2594 531 2648 175.
559 2596 603 2652 Fi:
619 2599 710 2667 Caper
724 2594 759 2648 cle
777 2594 937 2660 latinitate,
959 2616 1015 2650 non
1030 2600 1119 2663 ausim
1135 2585 1169 2663 ‘l‘
1193 2588 1211 2669 '¹'

197 2683 317 2756 firmare
334 2681 408 2735 alias
422 2700 474 2752 pro
491 2681 576 2737 aliter
600 2681 665 2735 elici.
683 2686 749 2734 num
771 2700 859 2753 aeque
881 2694 1113 2754 pronosticum,
1136 2698 1170 2732 ns·
1208 2676 1211 2689 '

202 2788 254 2843 que
269 2765 434 2821 adverbium
451 2770 584 2839 temporis
607 2776 667 2833 est,
685 2766 735 2838 sed
755 2767 913 2836 proximum
927 2786 993 2822 uero
1009 2778 1068 2832 est,
1088 2778 1119 2823 ut
1131 2781 1171 2838 pro

201 2871 246 2917 eo,
264 2852 341 2925 quod
355 2863 397 2906 est
414 2851 509 2915 aliter,
525 2852 631 2906 dietum
644 2869 704 2906 esse
713 2847 871 2923 fateamur.
904 2852 976 2902 Haeo
993 2853 1122 2905 dubitatio
1136 2869 1173 2903 re-

199 2939 363 2999 movebitur,
379 2937 458 2989 modo
476 2938 510 2988 ad
530 2937 568 3002 id,
588 2937 660 3007 quod
678 2937 759 2988 simio
777 2938 866 2989 dicere
885 2937 1020 3005 potuerit,
1037 2936 1174 2990 accusatius

200 3024 399 3074 attenderimus.
433 3024 507 3074 Dicit
532 3032 618 3074 autem
639 3023 706 3074 hoo:
739 3023 761 3073 si
788 3023 912 3073 Chremes
938 3021 994 3074 filio
1021 3040 1081 3074 meo
1105 3022 1178 3074 filiam

198 3127 271 3160 suam
287 3119 397 3177 nuptum
416 3108 538 3172 dederit,
558 3107 621 3177 quid
642 3106 762 3159 differam
779 3106 902 3177 nuptias:
926 3125 988 3158 nam
1006 3124 1022 3159 a
1040 3107 1098 3159 filio
1121 3105 1176 3157 nul-

196 3195 251 3246 lum
277 3193 366 3244 obstat
386 3193 617 3263 impedimentum:
643 3191 744 3260 ipsum,
773 3193 817 3262 qai
843 3192 978 3262 pollicitus
1006 3202 1063 3259 est,
1089 3209 1178 3259 eogere

196 3290 313 3350 possum.
349 3280 426 3342 Quod
444 3278 555 3348 exprimi
573 3284 680 3347 poterat
695 3276 797 3328 serbis:
823 3295 870 3328 eur
886 3277 951 3327 alias
967 3277 988 3328 i.
1003 3295 1026 3329 a.
1042 3277 1097 3328 alio
1113 3286 1179 3328 tem-

196 3383 262 3435 pore
281 3365 372 3415 futuro
389 3365 478 3414 malim
495 3380 573 3432 quam
592 3361 674 3413 hodie
696 3361 823 3415 has'fieri
849 3363 962 3430 nuptias.
995 3362 1045 3411 Per
1067 3358 1179 3413 Bentleii

195 3450 438 3502 correctionemab
456 3452 559 3500 herone
584 3457 712 3516 sumptam
741 3447 852 3521 quando
879 3446 954 3500 alias
978 3445 1047 3496 nthil
1069 3445 1180 3514 profici-

195 3546 255 3587 tur:
272 3552 332 3586 nam
352 3533 419 3604 quid
432 3527 534 3584 ¹malim
552 3532 708 3584 dictumest
726 3543 756 3584 ut
776 3535 869 3584 Heaut.
885 3529 912 3595 8,
929 3529 965 3593 2,
983 3528 1025 3581 18.
1044 3518 1180 3603 ᾳιεέἀεὲο

194 3620 343 3680 nesciam?
365 3617 436 3686 quod
453 3634 508 3667 non
528 3618 641 3669 debebat
656 3628 757 3669 mutare
775 3616 923 3680 Bentleius‚
940 3615 1015 3683 quasi
1034 3633 1091 3669 non
1109 3627 1181 3669 reots

196 3707 236 3757 ita
255 3720 358 3774 quoque
374 3703 522 3767 diceretur,
535 3701 606 3771 quod
625 3701 689 3751 alibi
708 3700 804 3771 quidni
822 3704 916 3753 sciam.
947 3702 979 3749 ln
996 3703 1107 3753 sueton.
1121 3703 1180 3759 Tib.

193 3789 237 3843 71.
256 3805 421 3861 quamquam
440 3785 522 3839 alias.
537 3797 695 3856 promptus.
715 3785 841 3838 Graevius
858 3795 997 3853 acceperut
1019 3804 1069 3855 pro
1096 3786 1180 3842 aliter

111 3916 114 3921 -
195 3875 240 3930 vel
258 3874 404 3946 alioquin.-
421 3871 468 3924 sed
485 3870 543 3924 iure
560 3890 620 3924 eum
635 3870 806 3941 reprehendit
826 3870 1036 3940 Oudendorpius.

208 3997 229 4035 ⁴¹
253 3988 512 4061 Confunduntur
526 3988 561 4052 in
579 3989 748 4056 codicibus
757 3988 916 4053 voeabula
932 3988 1008 4052 olio
1023 3998 1057 4054 et
1071 3988 1176 4054 olion

123 4076 191 4142 vid.
208 4076 376 4141 Drakenb.
394 4074 435 4139 od
448 4076 518 4140 Liv.
533 4073 567 4158 8,
584 4081 637 4152 69,
658 4081 687 4140 1.
710 4085 742 4139 et
759 4072 923 4163 alioquin.
951 4074 1011 4139 vd.
1022 4075 1177 4141 Oudend.

102 4160 168 4249 *ad
182 4161 321 4231 Sueton.
335 4159 414 4228 Tib.
430 4164 484 4226 71.
506 4168 538 4223 et
555 4160 597 4295 ad.
609 4161 741 4254 Apuleii
760 4158 849 4228 Flos.
873 4159 976 4226 Tom.
999 4165 1033 4226 2.
1057 4181 1095 4264 p.
1121 4161 1175 4228 16.
