2618 4770
453 360 618 443 arovr.
641 344 726 428 *ao
1039 363 1101 428 465

123 525 166 576 Ita
182 519 362 590 accipiendum
381 516 436 568 Cic.
453 517 527 569 Lael.
545 516 587 582 14,
604 513 647 568 60.
667 527 698 569 ut
717 514 805 570 bonos
825 515 892 573 boat
910 515 1033 590 diligant
1050 515 1100 570 ad·

122 611 294 676 sciscantquo
310 601 365 658 sibi
383 605 466 674 quasi
480 594 692 674 propinqoitate
712 603 873 657 coniunctos*
891 615 975 677 atquo
992 613 1101 657 natura.

120 693 166 742 ubi
184 692 261 742 aliter
280 689 427 742 Gerrhard.
455 691 495 740 De
509 690 573 756 nep.
596 689 627 752 1,
643 686 687 738 26.
713 689 918 759 suscipiendum
937 701 980 742 est
1006 686 1101 741 multi·

126 777 218 831 tudini
234 787 319 847 atque
339 770 473 826 omnibus.
490 773 543 824 -ubi
562 774 703 824 Creuzerus
727 760 841 826 vacillat.
877 776 911 825 Et
930 776 1059 838 fortasse,
1077 772 1102 824 si

125 863 229 930 integra
249 870 310 912 sunt
327 860 420 922 rerba,
444 856 520 908 catil.
539 856 564 921 1,
581 857 608 920 2,
625 855 651 907 4.
670 876 736 910 rrum
752 877 836 912 unum
854 857 927 912 diem
946 871 1047 929 postea
1062 859 1102 912 L.
1125 846 1128 851 ⁵

129 949 307 1001 Saturninum
333 970 367 984 -
392 960 465 1000 mors
493 960 527 993 ac
558 938 729 1012 reipublicae
759 961 852 1012 poena
868 954 1024 1008 ,remorata
1050 948 1102 997 cst.

125 1034 183 1084 Liv.
199 1032 232 1095 8,
249 1031 275 1095 6,
295 1029 336 1082 19.
352 1029 477 1083 circuitio
501 1044 535 1078 ao
552 1044 617 1078 cura
633 1025 768 1082 aedilium
789 1025 867 1100 plebi
881 1016 950 1094 crat,
970 1029 1014 1080 ubi
1033 1028 1102 1080 nihil

125 1117 284 1168 mutandum.

172 1217 365 1288 Consequentia
388 1227 498 1286 apparet
519 1216 548 1267 in
570 1214 628 1266 his:
657 1215 761 1267 Sallust.
787 1217 844 1286 lug.
871 1217 921 1280 60,
940 1216 967 1273 4.
995 1213 1105 1288 infensi

126 1297 327 1375 adelmi-pise
344 1292 455 1356 iostare.
491 1302 545 1352 Cic.
565 1319 591 1368 p.
610 1301 673 1368 Leg.
690 1303 760 1352 Man.
777 1301 820 1366 24,
838 1303 881 1356 69.
901 1303 1035 1376 quidquid
1051 1301 1105 1356 hor

111 1391 264 1460 .lreneficio
294 1387 398 1461 populi
421 1390 530 1439 romani
555 1384 715 1458 atqualrac
739 1397 880 1456 potestate
903 1391 1046 1457 praetoria
1068 1414 1103 1429 -

58 1504 62 1513 ·
127 1496 252 1548 possum.
269 1476 287 1526 i.
306 1493 330 1526 o.
348 1484 375 1525 et
391 1474 429 1523 ita
447 1490 494 1540 per
518 1472 570 1522 hoc
598 1471 751 1523 beneficium
778 1472 865 1522 delata
889 1476 1040 1540 potestate.⁴
1063 1477 1102 1525 De

127 1567 189 1618 Nat.
209 1566 288 1614 Deor.
311 1558 409 1622 1,15,
431 1557 475 1610 39.
495 1557 527 1608 de
545 1573 597 1624 quo
617 1556 678 1607 loco
695 1556 750 1607 dixi
768 1557 796 1608 in
815 1558 887 1608 notis
905 1557 938 1607 ad
957 1561 1104 1625 Wopaens.

129 1652 203 1701 Lecr„
232 1666 258 1715 p.
285 1645 343 1698 199.
371 1647 499 1696 universa
524 1651 609 1713 atquo
635 1645 903 1711 omniascontinens
936 1654 1039 1694 παίω-α
1066 1655 1105 1693 est
1189 1703 1194 1714 Ι

131 1753 197 1804 quae
214 1733 335 1783 universa
352 1745 433 1795 eaque
453 1727 540 1779 omnia
559 1726 662 1793 singula
679 1726 822 1778 contineat.
848 1727 914 1778 Plio.
933 1729 1000 1778 Hist.
1017 1746 1043 1778 n.
1061 1727 1105 1790 27,

129 1820 155 1871 9.
182 1816 244 1884 (55.)
272 1827 312 1869 ast
336 1825 429 1868 autem
456 1809 611 1883 singularis
638 1821 723 1881 atquc
742 1829 797 1864 non
814 1807 979 1880 fruticosa,
997 1809 1106 1865 brevior

133 1903 299 1972 molliorque
318 1912 345 1954 ct
366 1899 485 1952 densior.
521 1896 555 1958 7,
572 1892 615 1948 95.
633 1894 696 1964 (26.)
717 1894 770 1950 illa
791 1892 860 1964 fuit
876 1915 943 1951 ocra
960 1907 988 1950 et
1003 1901 1107 1950 incorrr-

132 1986 268 2061 parabilis
289 1984 496 2041 im·irti.animi
520 1979 681 2035 sublimitas
710 1984 799 2050 captis
822 1979 901 2051 apud
930 1979 1125 2036 Pharsaliam*

66 2123 68 2131 .
135 2076 264 2143 Pompeii
285 2071 334 2126 M.
353 2069 461 2121 scriniis
485 2062 670 2136 epistolarum
689 2068 842 2137 iterumque
854 2063 933 2136 apud
963 2065 1108 2136 Thapsum

136 2161 296 2230 Scipionis.-
321 2171 505 2208 concremasse
530 2170 563 2205 ea
589 2151 698 2219 optima
716 2149 780 2220 fide
803 2144 888 2221 atque
914 2169 971 2204 non
997 2151 1108 2224 legisse.

133 2246 221 2298 Tacit.
238 2248 287 2293 An.
304 2240 337 2305 5,
351 2237 377 2291 3.
397 2255 498 2310 magno
515 2247 627 2291 sanatus
643 2252 750 2307 pavore
767 2256 801 2289 ao
817 2237 939 2292 silentio

178 2363 263 2413 Locus
283 2369 324 2411 est
339 2360 393 2409 Cic.
419 2355 651 2420 dariu.1,10,
672 2354 716 2408 84.
742 2357 784 2409 At
800 2355 831 2409 id
848 2335 980 2431 nc'fcrae
997 2358 1108 2435 quidem

133 2445 265 2518 faciunt,
291 2455 322 2496 ut
347 2445 388 2495 ita
409 2451 509 2502 ruant,
539 2443 634 2512 itaquo
659 2439 816 2504 turbentur,
844 2452 876 2496 ut
901 2462 994 2497 aarum
1018 2456 1108 2498 motus
1137 2502 1141 2511 Ι

136 2551 190 2604 quo
209 2533 386 2602 pertineant,
412 2544 468 2578 non
489 2524 687 2595 intelligamus.
714 2526 811 2594 inquo
831 2529 1007 2595 Goerenzim,
1030 2548 1109 2599 quum

66 2658 70 2665 ,
135 2621 164 2670 in
181 2616 307 2668 vocabulo
327 2618 368 2667 ita
387 2613 438 2664 vim
463 2610 604 2679 repositam
625 2628 699 2674 ease,
727 2621 754 2662 et
775 2613 877 2678 gravior
901 2615 1007 2666 verbum
1025 2626 1109 2667 ruant
1192 2654 1197 2675 ὖ

136 2701 269 2771 praemitti
291 2718 344 2751 non
365 2716 442 2767 posse
457 2706 591 2776 potasset,
615 2695 733 2746 restituit
755 2707 839 2767 atque
856 2696 1015 2751 turbentur.-
1039 2701 1110 2768 quod
1133 2730 1139 2739 =

64 2822 70 2831 .
140 2788 212 2838 nullo
231 2796 308 2853 pacto
324 2784 429 2853 probari
450 2792 546 2851 potest
582 2782 697 2850 Itaque,
718 2782 787 2848 quod
805 2799 863 2834 cum
879 2785 905 2836 vi
922 2785 1035 2852 positum
1053 2804 1111 2838 esse

138 2891 153 2923 a
174 2874 300 2922 Cicerone
318 2870 422 2936 negavit
444 2867 622 2933 Goerenzius,
640 2866 732 2918 eodem
748 2869 826 2920 modo
844 2869 943 2936 legitor
962 2887 989 2939 p.
1009 2871 1110 2923 (lluent.

121 2957 189 3020 .19,
207 2953 249 3006 51.

184 3060 355 3141 HiQus
375 3057 507 3109 contraria
531 3057 623 3133 (190011
648 3055 796 3124 nuperrime
825 3056 886 3107 Chr.
906 3059 990 3110 Gottl.
1008 3060 1112 3111 Herro-
1141 3079 1145 3087 ·

141 3129 242 3217 gioria
264 3126 606 3196 Observaffi'oriimllos
626 3151 677 3192 vet.
695 3141 786 3208 script.
805 3140 880 3192 locos
895 3145 967 3194 Part.
985 3130 1113 3196 [ὫῖΞέ

104 3236 116 3255 ”
142 3216 218 3281 1828}
236 3228 306 3279 edita
324 3247 348 3296 p.
360 3226 401 3279 23.
420 3228 574 3295 particulam
590 3236 673 3297 atque
688 3243 741 3275 non
758 3225 837 3276 niodo
855 3228 973 3295 aequalia
991 3239 1018 3278 et
1037 3229 1112 3278 simi-

140 3317 177 3367 lia
197 3314 348 3364 consociare
366 3311 412 3374 ita,
430 3322 459 3360 ut
476 3312 534 3379 pari
557 3311 693 3378 dignitatis
707 3309 789 3377 gradu
816 3312 944 3364 collocata
967 3314 1113 3375 rideantur,

71 3424 74 3431 ·
141 3401 187 3453 sed
205 3416 270 3467 quae
291 3398 316 3446 vi
334 3414 364 3446 ac
382 3405 511 3463 potestate
527 3396 691 3464 praevaleat,
710 3413 766 3447 eam
785 3397 870 3464 primo
893 3397 954 3448 loco
979 3398 1042 3465 pooi
1063 3416 1113 3448 vo-

143 3503 213 3545 cem,
230 3481 421 3550 significatione
450 3481 620 3539 inferiorem,
648 3490 720 3532 certe
734 3483 924 3550 posteriorem,
943 3484 1026 3534 altero
1044 3484 1115 3536 loco.

131 3575 258 3634 ¹Quorum
276 3568 406 3619 rationem
429 3582 498 3614 nunc
518 3581 573 3615 non
593 3565 723 3633 respicio,
749 3566 796 3618 sed
820 3569 938 3636 exempla
956 3569 1044 3618 allata.
1077 3571 1116 3620 Ea

142 3657 207 3708 haec
231 3663 290 3703 sunt
315 3653 388 3702 Caes.
411 3653 439 3700 B.
463 3649 495 3701 G.
517 3649 549 3713 1,
566 3647 609 3700 81.
634 3652 681 3720 qui
702 3661 729 3703 et
752 3646 811 3704 sua*
829 3653 933 3706 virtuto
961 3663 988 3704 et
1013 3651 1118 3722 populi

141 3743 250 3795 romani
284 3736 407 3806 hospitio
437 3744 520 3802 atque
545 3736 669 3788 amicitia
697 3734 847 3806 plurimum
870 3747 935 3789 ante
958 3740 988 3790 in
1017 3735 1118 3791 Gallia

143 3825 310 3895 potuissent.
344 3819 374 3880 1,
394 3815 437 3871 95.
471 3816 525 3870 sibi
546 3818 709 3891 populoque
731 3839 846 3874 romano
872 3832 1036 3892 perpetuam
1055 3841 1118 3894 gra-

78 3966 81 3971 ,
145 3915 212 3965 tiam
229 3918 322 3976 patqoe
340 3906 490 3957 amicitiam
508 3922 568 3955 cum
586 3922 617 3956 eo
633 3901 774 3973 futuram,
800 3905 832 3971 1,
850 3902 893 3960 40.
912 3916 945 3958 ut
964 3935 996 3946 -
1014 3907 1118 3962 intelli·

144 4015 207 4066 gere
228 4002 328 4054 posset,
346 4003 434 4040 utrum
452 3988 530 4068 opud
548 4007 595 4041 eos
614 3988 706 4057 pudor
723 4002 805 4059 atqua
822 3984 958 4062 officium,
979 4013 1016 4046 an
1034 3996 1119 4046 timor

145 4079 258 4131 valeret.
296 4077 326 4124 In
352 4074 393 4123 hia
418 4089 471 4122 nou
503 4073 597 4136 video,
628 4075 757 4141 quomodo
783 4075 822 4126 vir
850 4077 942 4128 doctus
964 4077 1120 4130 vocabulum

145 4164 231 4235 priori
250 4164 311 4215 loco
335 4157 450 4228 positum
471 4174 530 4209 oum
545 4159 641 4211 maiori
666 4169 694 4211 et
719 4160 798 4212 animi
821 4172 850 4214 et
875 4163 947 4215 rocia
972 4162 1120 4217 intention·

835 4268 936 4365 eo¹
