2618 4770
334 258 339 287 l

125 323 168 384 90
610 315 680 380 Al).

127 450 137 520 .’
160 504 165 525 .
197 461 346 542 Dindyma
375 469 452 523 cardi
480 470 687 541 turrigeraeque
720 466 816 531 urbes,
857 465 1005 540 biiugique
1028 472 1070 525 ad
1086 470 1165 542 frear

196 558 299 613 leones.
315 555 334 606 i.
347 573 371 607 e.
389 555 424 607 ad
439 553 515 606 frona
528 553 621 607 iuneti.
640 556 738 623 Georg.
755 554 782 618 2,
801 550 861 607 250.
879 556 952 624 piris
973 558 1005 610 ia
1020 575 1124 612 ararem
1135 558 1165 612 ad

192 643 299 716 digitos
317 639 444 694 lentescit
462 634 601 694 babendo.
618 641 637 691 i.
653 658 677 695 e.
694 658 733 692 aa
751 637 806 694 den
828 638 958 710 Fingere·

230 759 335 813 curris.
355 753 388 821 4,
407 754 443 820 6,
462 755 508 813 ea
537 753 742 829 oppilantur
766 759 916 829 eruamus
929 744 1089 829 sisenem
1103 778 1165 816 mo..

197 851 274 900 nium
291 860 395 896 naviam
411 843 566 896 instruxere
579 843 791 898 munimentum.
808 843 826 893 i.
846 861 869 895 e.
887 843 915 895 iu
934 842 1052 913 fastigio.
1062 880 1067 897 ,ι

210 977 243 1037 8.
272 969 364 1035 Tum
389 969 592 1037 vicinitatem
617 970 686 1036 loci
707 969 830 1037 indicat
852 968 894 1034 ab
912 969 1088 1037 accedendi
1107 993 1165 1035 no-

126 1058 236 1138 tione,
275 1077 359 1142 quae
388 1055 423 1120 in
446 1056 696 1144 praepositione
719 1055 815 1142 apucl
835 1054 877 1119 od
900 1055 1047 1142 quietem
1066 1056 1165 1143 perti-

125 1152 194 1207 net.
237 1136 417 1213 Clsdonius'
428 1141 466 1205 in
481 1142 561 1209 Arte
580 1166 616 1231 Ρ.
636 1142 731 1207 1984.
746 1138 864 1228 apud
884 1151 1022 1205 tantum
1043 1141 1084 1204 in
1102 1141 1165 1206 loca

121 1223 333 1326 *eigrirjiaat¹,‚
362 1238 402 1292 ut
429 1225 549 1312 apud
572 1227 759 1292 amicum
779 1247 888 1309 eam,
918 1248 980 1291 aec
995 1247 1165 1312 pascuntur

121 1312 240 1379 rlice're
274 1311 392 1398 apud
414 1313 598 1379 amicam
622 1312 744 1378 rada.
786 1310 855 1378 Aa
879 1333 953 1375 aera
979 1312 1018 1376 ia
1041 1335 1081 1377 eo
1102 1313 1165 1377 meu

128 1410 161 1463 et
178 1397 226 1461 acl
241 1397 352 1474 lacum
366 1395 562 1485 significat.-
578 1421 662 1463 nam
677 1399 740 1482 (itu
755 1397 1000 1496 scribendrpro
1014 1400 1101 1482 nore)
1115 1397 1165 1462 ‹li-

16 1506 21 1515 *
128 1484 233 1548 cimae
258 1494 290 1547 et
312 1482 368 1547 ad
386 1484 573 1549 amicum
594 1507 685 1548 eam
706 1495 739 1549 et
762 1480 818 1547 ad
843 1505 1028 1547 amicum
1051 1483 1162 1549 aeda.

125 1564 199 1634 =Nos
225 1568 363 1632 dicimus
398 1591 455 1644 aa,
486 1567 549 1634 bei.
593 1569 849 1634 Ruddimannus
873 1573 906 1637 2.
937 1591 972 1666 Ρ.
990 1572 1074 1633 282.
1091 1567 1160 1634 berre

120 1653 367 1736 ‘animadvertit
387 1651 438 1717 ad
458 1664 499 1741 ct,
518 1654 614 1742 apa'd
634 1655 824 1743 promiscue
846 1654 967 1741 aceipr:
998 1653 1057 1719 sed
1078 1665 1161 1736 errat,

129 1736 233 1826 quum
259 1739 366 1820 addit,
404 1736 453 1802 ad
475 1742 613 1826 proprie
635 1740 817 1828 significare
840 1739 876 1803 in
903 1738 979 1810 loco
1001 1739 1164 1827 proximo,

128 1823 224 1912 apud
248 1825 334 1888 circu
358 1823 410 1888 vel
431 1846 550 1912 prope.
593 1827 730 1889 Prorsus
761 1824 964 1891 contrarium
990 1836 1040 1890 est
1056 1825 1164 1888 discri-

126 1935 216 1976 men.
260 1909 442 1974 Priscianus
461 1914 513 1974 18.
538 1929 582 1996 Ρ.
593 1911 688 1975 1204.
711 1910 777 1998 (27,
794 1909 883 1993 284.)
907 1910 1020 1974 Attici
1037 1907 1110 1994 πρὸς
1127 1917 1164 1997 τῷ

126 2000 263 2083 διαιτητῇ
286 1992 353 2058 (lani
376 1990 524 2076 τοῦπαρὰ
546 1999 589 2080 τῷ
612 1992 759 2084 darnart.
799 1995 949 2060 diamani
965 1995 1062 2080 apud
1078 1995 1162 2060 arbi-

126 2096 235 2147 trum:
262 2091 295 2143 et
316 2077 365 2142 acl
394 2078 535 2144 Troiam
559 2072 760 2168 taffi‘pra
783 2080 878 2167 apud
898 2080 1051 2144 Troiam.
1085 2079 1122 2144 V
1119 2083 1163 2145 ir-

124 2167 233 2256 gilius
259 2165 297 2228 in
319 2164 454 2250 primo.-
488 2166 726 2255 primffiq'uarl
752 2167 802 2232 ad
828 2166 971 2230 Troiam
988 2190 1059 2252 pra
1083 2170 1165 2231 caris

123 2261 283 2340 gesserat
305 2249 425 2335 Argis.
458 2249 559 2315 Conf.
586 2248 641 2317 14.
664 2276 699 2341 p.
723 2257 799 2320 986.
828 2253 881 2338 (8,
898 2251 966 2337 24.)
986 2252 1115 2322 Servius
1128 2254 1165 2319 od

126 2336 218 2424 Virg.
231 2337 310 2400 Aen.
336 2340 365 2416 1,
380 2335 435 2399 24.
1128 2360 1145 2403 ῃ

230 2479 336 2529 Sallust.
360 2459 479 2551 91919,
499 2479 526 2534 3.
549 2481 588 2533 ad
614 2479 819 2535 Catabathmon
835 2509 871 2522 ···
888 2484 981 2552 prima
998 2483 1106 2553 Cyrene
1121 2495 1165 2538 est.

195 2564 241 2615 nbi
259 2565 310 2616 vid.
327 2565 439 2616 Cortius.
470 2567 522 2617 Cio.
541 2568 575 2618 ad
591 2570 664 2618 Fam.
684 2565 734 2630 15,
754 2567 781 2620 2.
808 2578 955 2638 castraque
974 2567 1013 2618 ad
1033 2567 1165 2641 Cybistra,

195 2647 271 2720 quod
295 2648 432 2717 oppidum
459 2651 558 2703 estad
577 2662 699 2705 montem
723 2652 853 2715 Taurum,
873 2650 974 2704 locavi.
998 2655 1111 2708 Juvenal.
1127 2655 1165 2715 10,

102 2768 104 2773 ψ
195 2732 238 2786 88.
258 2729 405 2786 Bruridtus
423 2751 498 2786 meus
518 2735 557 2787 ad
575 2737 688 2789 Martis
699 2732 765 2805 fait
782 2734 882 2791 abuius
898 2757 985 2789 araur.
1007 2741 1124 2792 Frontis.
1138 2726 1165 2797 ’4.

172 2888 174 2892 .
195 2819 221 2882 6,
239 2816 265 2870 8.
291 2815 454 2870 Alexander
478 2845 509 2859 -
540 2820 663 2889 residens
683 2820 721 2871 ad
738 2824 838 2892 ignem.
858 2822 912 2875 Cic.
930 2843 957 2891 p.
978 2825 1051 2875 Cael.
1071 2824 1112 2890 15,
1128 2818 1165 2875 56«

198 2900 283 2955 babes
306 2899 404 2953 bortos
427 2902 466 2954 ael
494 2903 623 2959 Tiberim.
644 2905 673 2954 in
685 2906 762 2957 Verr.
779 2903 805 2970 5,
817 2896 939 2966 41',·107.
959 2919 1044 2980 atque
1059 2930 1120 2962 eum
1133 2903 1165 2958 vi·

195 2988 262 3043 dent
276 2986 371 3039 sedere
394 2985 433 3037 ad
450 2985 689 3060 interpraetans,
721 2999 750 3042 et
766 2990 806 3042 ad
824 3010 917 3044 aurem
927 2988 1115 3069 famniliariter
1134 2993 1165 3045 in*

192 3090 341 3129 susurrare.
376 3072 454 3133 Quod
474 3091 522 3124 uos
545 3074 633 3125 dicere
651 3073 763 3128 solemus
778 3075 827 3129 der
845 3079 911 3148 Sieg
929 3077 974 3145 bei
987 3079 1108 3143 Cannae,
1124 3072 1165 3130 Li·

116 3218 119 3223 4
194 3159 250 3211 vius
264 3156 394 3224 expressit
408 3155 452 3221 23,
471 3159 515 3223 11,
533 3157 559 3209 7.
587 3159 700 3210 nuntius
713 3163 848 3216 victoriae
864 3162 904 3215 ad
923 3163 1034 3217 Cannas
1051 3160 1163 3218 Kartha

193 3241 287 3315 ginem
301 3252 415 3318 venerat
432 3243 542 3316 Mago.
558 3245 599 3293 Ita
607 3261 686 3312 saepe
701 3245 733 3296 de
750 3247 867 3303 cladibus
886 3247 985 3303 Livius.
1003 3249 1056 3300 vid.
1072 3251 1117 3316 22,
1134 3240 1165 3297 14

81 3323 84 3326 ’
187 3317 237 3381 12,
269 3324 399 3394 Imprimis
418 3327 478 3383 loca
500 3327 631 3385 maritima
654 3330 693 3384 sie
715 3332 941 3408 nuncupari,'per
955 3320 1112 3403 ipsam'rem
1128 3333 1165 3383 iss·

115 3485 119 3492 Ι
176 3412 334 3485 *telligitum
667 3420 670 3426 '

147 3551 154 3559 ·
227 3523 286 3596 Cic.
303 3521 333 3573 in
348 3523 425 3574 Verr.
444 3521 478 3586 2,
495 3522 530 3587 8,
547 3523 590 3576 21.
618 3523 766 3578 adurbem
786 3545 869 3599 quum
889 3539 974 3593 esset,
994 3529 1165 3583 amicitate·

195 3608 265 3659 Hinc
285 3605 410 3657 solemnis
432 3606 550 3674 loquutio
567 3608 610 3661 ad
625 3607 724 3661 'arbem
741 3627 800 3664 esre
822 3612 856 3663 de
871 3612 904 3663 iis
909 3650 929 3687 ,Ἰ
950 3615 994 3682 qui
1009 3635 1023 3666 e
1040 3611 1165 3684 provincia

197 3692 321 3759 regressi,
337 3701 382 3742 ant
397 3690 546 3760 priusquam
561 3689 588 3744 ia
606 3693 769 3762 provinciam
787 3695 908 3762 abirent,
926 3710 987 3750 ente
999 3702 1090 3752 urbem
1108 3713 1135 3752 et
1146 3700 1165 3749 iu

197 3778 254 3827 eius
274 3776 374 3844 uicinia
388 3777 623 3838 commorabantur,
658 3789 687 3828 ut
705 3779 842 3848 imperium
863 3793 907 3833 aut
927 3784 1105 3853 deponerent,
1132 3793 1165 3836 aut

198 3860 372 3929 susciperent:
401 3861 434 3912 de
457 3879 509 3928 qua
531 3881 579 3913 usu
600 3880 678 3929 supra
696 3863 797 3932 loquuti
819 3884 929 3926 sumus..
947 3869 1009 3920 Vid.
1026 3873 1125 3936 Manat.
1141 3869 1165 3920 ad

100 3959 102 3963 ’
194 3944 249 4020 Cia.
270 3946 409 4014 Epist.‘ad
423 3947 494 3999 Fam.
508 3944 544 4009 3,
560 3945 586 4000 8.
610 3945 706 4009 3,11.
734 3951 838 4002 (lortius
856 3953 889 4000 ad
906 3944 1129 4018 salassorum,
1147 3953 1165 4008 4.

198 4037 226 4076 et
240 4028 274 4079 ad
292 4031 346 4080 Cic.
366 4031 413 4097 Ep.
423 4028 450 4091 8,
470 4031 493 4082 1.
511 4031 563 4082 Sed
577 4030 649 4086 conl.
671 4037 765 4086 Asson.
788 4035 821 4085 ad
847 4037 901 4087 Cic.
918 4040 995 4093 Verr.
1010 4043 1066 4090 Act.
1088 4041 1115 4102 1,
1135 4038 1163 4091 15

197 4108 241 4167 45,
273 4111 368 4193 81,ιᾲ
392 4130 451 4179 enm
481 4110 641 4180 ilotomann.
667 4129 697 4173 at
724 4120 870 4176 achimus.
893 4124 1028 4194 ‘Fortasse
1049 4125 1165 4179 Asconius
