2618 4770
140 357 182 423 52
502 346 547 426 A,
567 444 575 458 ⁸
592 344 665 425 ΑΒ,
707 268 799 409 tiis,

206 522 258 560 uon
281 500 365 572 possit
392 497 536 568 explicari:
558 497 585 548 io
611 507 719 560 senatu,
745 514 802 549 von
821 495 918 550 Seiteu
934 494 985 551 des
1005 497 1160 563 Senatus

205 600 338 644 senatores
371 585 493 653 intelligo
520 582 638 648 singulos
660 583 703 634 val
731 582 851 634 consules
871 583 923 634 hoo
944 584 1068 636 universo
1090 596 1161 637 senat

204 667 314 726 nomine¹
325 672 488 740 appellatos,
515 667 619 719 etiamsi
636 678 729 737 postea
744 679 833 736 patres
849 679 1096 721 commemorantur.
1124 672 1159 720 Co

203 769 281 828 rupta
309 757 430 808 videntur
454 772 512 807 esse
533 753 613 804 verba
636 753 669 807 dc
691 750 757 808 Bell.
778 753 861 805 offic.
884 751 928 804 29.
950 760 1059 806 turmae
1082 756 1161 806 interi

204 847 350 917 equitum,
379 860 451 913 quae
465 850 526 911 *pro
546 836 625 889 vallo
648 839 678 891 iu
701 834 874 890 stationibus
898 854 959 889 essa
978 832 1128 901 solebant,
1153 857 1161 889 ι

200 932 323 998 utrisque
345 923 458 977 ducibus
481 922 608 994 quotidie
625 925 740 976 minutis
755 920 875 993 proeliis
895 923 967 974 inter
983 938 1013 974 se
1029 921 1161 992 depugna

203 1030 260 1065 non
281 1012 478 1065 intermittunt.
513 1006 655 1076 Explicant
682 1007 807 1072 quidem,
832 1016 938 1076 aparte
954 1015 1125 1074 utrorumque
1137 1008 1161 1058 dr

138 1093 141 1100 “
160 1115 162 1119 ’
199 1104 272 1146 oum:
291 1095 363 1161 quod
382 1108 441 1144 cum
454 1091 563 1160 reliquis
578 1089 664 1140 verbis
682 1093 850 1144 coniunctum
863 1091 922 1159 quie
937 1108 1061 1158 umquam
1069 1093 1161 1144 dixerit

203 1179 331 1247 Equidem
352 1178 419 1230 haec
447 1194 501 1230 nou
530 1174 645 1244 expedio
683 1177 735 1228 nisi
757 1177 875 1229 adhibita
901 1176 1095 1239 emendatione.
1117 1181 1162 1230 Cor

202 1266 255 1316 nel.
270 1266 336 1332 Nep.
357 1264 437 1314 (llrab.
450 1264 491 1328 ’2,
509 1260 534 1314 3.
563 1259 747 1316 Athenienses
767 1281 828 1316 cum
849 1263 1008 1315 Artaxerxe
1025 1266 1162 1316 societater

201 1347 355 1411 habebant,
381 1347 603 1402 Lacedaemonii
628 1364 689 1398 aum
714 1348 887 1420 Aegyptiis,
911 1368 929 1400 a
951 1345 1052 1419 quibus
1073 1367 1162 1418 magua

198 1435 323 1509 praedas
347 1431 499 1504 Agesilaus
520 1449 569 1484 rex
597 1448 692 1483 eorum
706 1428 794 1503 fecit.
828 1437 925 1486 Omnes
951 1434 1009 1484 iere
1028 1433 1162 1515 iqterprete

201 1523 234 1573 de
258 1521 332 1571 lucro
358 1521 400 1571 vel
426 1519 459 1569 de
482 1516 605 1586 praemiis
626 1519 659 1569 ab
679 1519 800 1585 Agesilao
825 1519 970 1586 reportatis
988 1517 1159 1587 explicuerunt

199 1607 270 1674 quod
303 1616 389 1668 tamen
413 1603 538 1653 absonum
562 1612 612 1652 est.
645 1600 782 1654 Excidisse
814 1603 918 1654 videtur
941 1603 1050 1671 aliquod
1072 1604 1163 1656 verbum.

199 1709 250 1762 quo
267 1689 400 1756 Agesilaus
418 1688 551 1738 diceretur
565 1687 599 1736 ab
613 1687 750 1756 Aegyptiis
768 1698 877 1740 vocatus
896 1706 963 1740 esse.
999 1689 1032 1739 Ei
1047 1690 1117 1741 euim
1129 1707 1163 1758 op

105 1780 109 1787 '
197 1767 304 1846 ponitur
317 1773 451 1836 Chabrias,
471 1791 522 1823 sua
538 1782 641 1840 sponte
656 1768 814 1843 profectus.

235 1880 290 1931 (lic.
307 1879 341 1929 ad
359 1876 439 1927 Attio.
457 1873 483 1937 6,
500 1875 525 1926 2.
545 1885 611 1924 extr.
631 1872 757 1930 slrlvebis
772 1897 790 1929 a
806 1893 867 1928 meo
888 1874 1029 1929 Cicerone.
1045 1872 1063 1926 i.
1078 1893 1101 1928 e.
1122 1876 1163 1925 sel·

196 1983 259 2017 rere
290 1975 316 2015 te
340 1963 412 2014 iubet
442 1961 551 2010 Cicero:
577 1946 655 2027 ¹quae
686 1961 770 2013 dictio
798 1961 925 2012 familiari
958 1977 1081 2012 sermone
1111 1980 1163 2012 con·

197 2052 269 2102 iecta
296 2059 345 2100 est.
386 2048 421 2096 Et
451 2043 582 2096 Plutarch.
612 2044 658 2096 vit.
690 2046 765 2098 Alex.
787 2041 831 2099 27.
860 2039 918 2098 siud
941 2044 995 2098 τοῦ
1021 2045 1093 2100 &toti
1108 2031 1163 2116 'zal-

196 2150 266 2200 orsu.

209 2219 242 2278 6.
285 2211 395 2278 Verba
419 2221 631 2295 exspectare,
663 2231 822 2295 sperare,
854 2223 1019 2288 metuere,
1048 2213 1163 2287 timere,

127 2312 162 2366 et
184 2321 267 2386 quae
291 2298 391 2361 huius
411 2319 553 2393 generis
562 2307 657 2380 sunt,
682 2317 795 2359 seeum
815 2295 940 2362 hubent
953 2301 1164 2398 praepositio-

125 2409 204 2451 nem
221 2405 266 2451 ΑΒ
282 2392 473 2481 propterea,
499 2381 574 2466 quia
592 2381 624 2445 id
634 2382 758 2466 ,quod
780 2393 993 2469 exspectatur
1009 2385 1070 2457 vel
1078 2384 1164 2449 time

31 2473 36 2487 ‘
126 2482 200 2553 tur,
230 2471 271 2537 ab
288 2468 424 2534 alieuius
444 2477 538 2563 parte
560 2431 757 2531 eristiturum
772 2476 925 2554 putatur,
959 2490 1027 2554 quo
1068 2472 1162 2534 uidem

126 2556 227 2622 simul
244 2552 540 2652 comprehenditur
556 2563 589 2616 et
602 2553 739 2640 originis
675 2562 788 2618 miset
803 2555 909 2618 exitus
917 2555 1027 2619 notio.
1104 2579 1162 2623 em·

13 2685 21 2697 .
123 2642 204 2731 pla
194 2665 230 2708 m
246 2641 361 2706 lexicis
376 2639 498 2725 ubique
513 2637 610 2703 obvio
624 2647 712 2703 sunt.

227 2759 439 2830 Explicationem
458 2759 527 2810 hunc
544 2757 683 2810 confirmat
702 2755 757 2808 Cic.
780 2754 815 2806 ad
837 2756 969 2825 attio9,
985 2759 1012 2812 7.
1032 2780 1113 2834 quum
1129 2777 1165 2814 ea·

189 2845 254 2901 dem
275 2856 397 2899 metuam
421 2840 457 2896 ab
483 2841 535 2894 lrac
548 2856 638 2912 parre.
672 2842 771 2892 Errant
789 2839 920 2906 igitur,
885 2842 905 2891 ii
950 2845 996 2912 qui
1017 2845 1047 2896 in
1063 2841 1165 2897 formula

191 2933 287 2989 timere
313 2926 350 2982 ab
373 2927 504 3002 aliquo
495 2945 578 2996 rpsum
597 2925 936 2993 malum‚quodt1meutur
956 2928 1163 2996 intelligunt,e

191 3016 321 3079 reddum,
356 3029 409 3067 vor
431 3023 519 3067 etwas
542 3007 601 3066 siclt
618 3005 765 3078 frtrclrterr.
804 3014 872 3063 Nam
897 3012 995 3063 dicitur
1017 3023 1118 3064 taurum
1142 3006 1165 3058 d

189 3119 238 3164 eo,
272 3119 305 3152 ex
327 3099 399 3150 ouius
417 3107 493 3165 parte
514 3095 622 3163 aliquod
645 3095 741 3146 malum
765 3095 918 3163 immineat,
946 3097 989 3149 vel
1008 3099 1079 3150 unde
1095 3092 1164 3168 peri

188 3186 275 3235 culum
293 3182 484 3252 proficiscatur.
520 3183 575 3232 Cic.
598 3197 648 3250 pro
672 3181 735 3232 Sull.
755 3182 805 3245 20,
831 3179 874 3232 59.
891 3202 909 3234 a
931 3199 985 3254 quo
1001 3182 1113 3255 quidem
1127 3200 1166 3254 ἐι

83 3303 88 3308 ,
186 3287 267 3350 nepe,
302 3267 423 3329 iudices,
460 3282 512 3336 ego
537 3284 686 3338 numquam
713 3268 804 3320 timui.
830 3267 945 3336 Philipp.
973 3265 1008 3333 2,
1036 3264 1092 3338 45,
1113 3264 1166 3320 11⁴

187 3347 300 3418 14‚,·4
326 3352 368 3402 10.

153 3465 155 3471 .
199 3439 281 3492 Lir.
301 3436 352 3500 21,
370 3432 420 3500 13,
436 3431 462 3484 4.
480 3440 631 3531 postquam
653 3451 702 3486 nec
720 3431 757 3485 alr
774 3432 913 3487 Romanis
934 3432 1016 3489 cebir
1034 3434 1166 3508 ullaspt

184 3534 238 3579 ott.
234 3520 299 3573 ubi
309 3509 449 3572 Ernestius
465 3516 623 3593 explicatz'
614 3536 643 3568 ιιι
656 3518 782 3571 Romanis
797 3514 860 3592 spes‘
868 3519 955 3586 posita
970 3530 1019 3572 est.
1052 3523 1166 3575 Nonse

100 3624 103 3631 ·
186 3627 232 3659 cus
262 3606 323 3660 eie.-
343 3605 372 3655 in
396 3600 684 3672 Pis.6,12.spem
713 3600 813 3656 labere
841 3621 859 3653 a
885 3601 996 3656 tribuna
1020 3604 1166 3674 plebis‚·⁴

185 3703 248 3745 tua¹
257 3688 376 3746 coasilia
391 3695 452 3743 euni
473 3686 528 3741 illo
544 3689 749 3752 cervinariam,
780 3706 799 3740 a
820 3697 919 3742 senatu
941 3689 1055 3763 quidem
1074 3689 1166 3763 desp:

183 3795 269 3830 rasse.
290 3777 311 3827 i.
324 3794 348 3827 e.
373 3793 389 3826 a
411 3782 487 3844 parte
504 3782 618 3823 senatus.

215 3863 321 3913 Sallust.
344 3859 414 3913 Hist.
435 3859 533 3924 fragm.
550 3874 577 3924 p.
599 3850 667 3907 934.
676 3854 748 3906 Cort·
765 3852 849 3908 dum
856 3866 946 3910 metus
966 3876 985 3909 a
1014 3855 1167 3928 Tarquinia

181 3951 209 3996 et
238 3943 340 3998 tellum
363 3962 450 4016 grave
471 3961 530 3994 eum
546 3940 665 3995 Etruria
686 3943 812 4010 positum
832 3953 883 3997 est.
905 3943 973 3996 Lir·
981 3941 1031 4010 33,
1052 3941 1106 4010 32,
1128 3945 1167 3996 10

180 4024 278 4080 demto
296 4040 370 4083 metu
390 4048 409 4082 a
432 4025 567 4100 Philippo
587 4028 673 4078 omni

135 4131 229 4192 7.
256 4127 342 4194 illud
368 4151 467 4210 vero,
495 4127 620 4218 quod
610 4149 646 4194 ιιι
659 4126 739 4193 loco
754 4123 958 4214 designando
975 4088 1167 4195 adhibituris
