2618 4770
130 218 196 352 in
567 272 738 345 amun.

131 436 228 504 initio
251 428 485 499 enuntiationis
515 451 582 518 pro
605 442 796 518 praetereo
823 431 972 519 positam
1002 437 1184 517 sententiae

128 519 309 591 uertendae
324 517 511 582 inserviret:
542 519 735 602 praesertim
750 519 786 581 in
802 516 951 584 formula
968 523 1106 588 ethaeo
1122 546 1185 588 art-

129 621 212 676 tem.
253 603 448 689 Comparari
468 622 538 667 non
560 613 669 688 potest
693 624 849 691 graccum
870 606 903 670 di
923 628 971 670 ce:
990 629 1075 672 nem
1098 609 1136 673 in
1156 611 1185 674 ri

129 697 218 762 inest
237 690 346 756 maior
369 689 417 751 vis
441 687 692 775 aequiparandi:
730 688 804 754 and
825 712 864 753 oo
890 689 1065 772 abersee
1094 693 1183 759 aber.

129 782 196 848 vid.
209 778 349 843 Dissert.
363 771 406 838 Il.
424 772 466 838 de
480 774 639 859 particula
659 775 692 838 τὲ
715 794 747 861 p.
761 780 794 839 7.
835 775 903 840 Sed
927 777 1045 843 dicunt
1069 780 1183 846 Graeci

128 870 182 934 „nt
195 901 239 914 -
254 863 297 927 ts.
314 859 405 946 quod
420 858 589 922 Porsonue
606 859 741 945 quidem
757 860 884 925 adEur.
902 863 1015 928 Orest.
1033 867 1108 930 614.
1124 889 1183 930 nc-

128 952 215 1042 gavit
263 950 392 1035 optimo
408 944 478 1007 iure
499 943 718 1009 defenderunt
739 945 934 1013 Schaelerue
957 949 1000 1014 ad
1027 950 1181 1037 Longum

128 1062 163 1128 p.
185 997 260 1102 856.
287 1041 320 1096 et
340 1030 551 1097 Hermannue
584 1030 626 1094 ad
656 1031 767 1118 Viger.
793 1055 827 1098 n.
848 1035 922 1099 345.
946 1034 979 1098 b.
1026 1037 1180 1103 Latinum

126 1145 226 1190 usam
240 1120 308 1183 iam
325 1113 523 1180 tbreschias
544 1116 580 1179 in
594 1116 684 1180 Lect.
703 1116 861 1183 Arietacn.
878 1141 912 1206 p.
927 1122 1004 1185 252.
1034 1123 1180 1189 contule·

124 1219 194 1277 rat:
217 1221 370 1293 graecum
386 1199 476 1265 haud
494 1199 577 1265 bone
593 1200 751 1289 explicuit
773 1200 925 1271 Bromius
945 1206 988 1270 ad
1003 1207 1175 1274 Demostlu

128 1289 268 1380 Olynth.
292 1292 324 1352 3.
351 1309 386 1374 p.
405 1292 458 1352 82.
481 1289 527 1373 (p.
541 1291 617 1352 290.
641 1285 823 1379 Schaelcr.)
868 1290 1053 1358 Terentius
1084 1315 1175 1382 pecu·

124 1379 199 1446 llari
213 1372 318 1441 modo
336 1372 419 1439 dixit
435 1383 537 1461 atque
552 1372 640 1438 adeo
656 1384 783 1439 cutm.

227 1512 311 1566 Plaat.
335 1511 414 1562 Ττιιο.
439 1505 473 1574 4,
489 1506 525 1575 3,
542 1507 585 1562 64.
603 1506 709 1565 solvite
728 1513 815 1577 istas,
837 1512 933 1584 agite,
959 1509 1057 1578 abite,
1084 1521 1117 1567 tn
1135 1512 1178 1566 alo·

193 1618 284 1662 mum,
308 1605 337 1650 et
361 1604 390 1647 tu
414 1605 508 1648 autem
535 1593 657 1651 domam.
701 1596 809 1649 Lucrct.
833 1597 866 1662 1,
891 1597 968 1650 1008.
996 1600 1067 1670 quia
1083 1616 1178 1668 corpus

191 1685 287 1747 inani,
313 1693 341 1734 et
356 1677 433 1751 quod
449 1682 533 1734 inane
557 1691 652 1734 autem
668 1691 727 1748 est,
747 1680 837 1752 finiri
861 1699 980 1751 corpore
1005 1687 1096 1754 cogit.
1122 1684 1177 1737 ic.

192 1767 252 1824 and
276 1783 335 1818 was
362 1761 490 1835 dapegon
513 1764 568 1820 laer
596 1769 643 1822 ist.
678 1768 827 1821 Mucianus
844 1767 874 1820 in
890 1768 994 1836 Dignst.
1012 1767 1070 1834 32,
1087 1768 1136 1837 65,
1152 1766 1177 1820 4.

193 1855 249 1911 vid.
263 1852 382 1906 Brittan.
398 1851 506 1921 Pererg.
519 1867 547 1920 p.
563 1848 625 1904 402.

223 1959 311 2011 Plaut.
337 1953 395 2006 Mil.
420 1950 454 2019 4,
478 1952 512 2018 4,
538 1951 580 2014 13.
603 1949 699 2024 facile
722 1954 794 2007 istuc
815 1954 927 2028 quidem
949 1966 1010 2022 est,
1033 1959 1062 2011 si
1082 1966 1111 2012 et
1126 1953 1175 2011 illa

191 2042 273 2107 vult,
288 2051 329 2096 'et
353 2038 404 2095 ills
424 2049 519 2093 autem
544 2039 630 2109 cupit.
675 2041 758 2093 Poen.
780 2039 865 2106 Μ,
885 2040 928 2094 19.
954 2052 985 2095 et
1002 2040 1086 2096 adire
1103 2040 1175 2117 lubet

191 2127 346 2188 hominem.
374 2135 402 2178 et
425 2135 519 2178 autem
545 2127 628 2179 nimis
645 2143 706 2178 earn
723 2123 850 2179 ausculto
871 2122 969 2179 libens.
1002 2127 1089 2178 Poen.
1103 2123 1174 2191 4,2.

193 2211 254 2266 105.
272 2198 339 2264 nam
362 2219 393 2264 et
414 2206 467 2262 ltoc
489 2219 568 2263 nocte
588 2209 801 2277 consulendam,
829 2209 905 2282 quod
924 2208 1012 2263 modii
1039 2208 1175 2265 concredi·

195 2296 301 2369 tam'st,
317 2305 345 2349 et
362 2291 435 2350 illud
453 2303 549 2348 autem
565 2286 804 2348 inseraricndum'st
821 2293 969 2350 consilium
985 2293 1173 2349 vernaculam.

225 2419 334 2466 Sueten.
345 2418 410 2481 Aug.
428 2412 471 2466 73.
490 2423 518 2467 et
524 2407 660 2482 forensia
675 2423 769 2468 autern
786 2424 814 2468 ct
830 2413 935 2469 calcios
949 2432 1105 2488 numquam
1120 2431 1174 2467 non

190 2499 267 2553 intra
289 2495 444 2550 cubiculum
468 2494 577 2552 habuit.
610 2501 691 2569 Vesp.
715 2497 758 2552 82.
780 2509 809 2553 et
835 2517 919 2568 saper
941 2518 1061 2553 coenam
1086 2510 1175 2553 autem

188 2593 218 2639 et
234 2600 343 2653 semper
361 2580 435 2635 alias
453 2585 691 2639 communissima
702 2583 789 2637 multa
801 2588 862 2639 ioco
877 2583 1062 2656 transigebat.
1080 2588 1172 2636 Baun-

189 2669 407 2738 garten-Crasius
430 2678 525 2722 autem
549 2669 738 2736 interpretatur
758 2669 850 2742 „quod
874 2672 931 2722 iam
950 2670 1075 2738 attinet,
1096 2679 1126 2720 ut
1145 2669 1172 2720 in

190 2771 286 2822 graeco
304 2742 403 2808 d'aal“:
425 2753 496 2823 quod
516 2769 570 2803 non
591 2752 721 2820 intelligo.
756 2756 858 2807 Gellius
885 2755 934 2820 10,
960 2753 1004 2808 24.
1032 2764 1063 2808 et
1086 2753 1172 2810 lsisto·

188 2841 261 2894 rium
278 2848 372 2893 aaran
392 2850 419 2892 et
435 2838 546 2892 uerbum
566 2835 620 2890 lroc
641 2842 761 2908 sumpsit
791 2840 903 2896 Coelius
926 2859 961 2894 ex
983 2839 1106 2912 Origine
1124 2839 1173 2894 M.

194 2926 318 2980 Catonis.
352 2924 393 2975 Gi.
420 2924 521 2975 Gilenii
543 2923 602 2976 Ind.
620 2924 727 2994 Lucrct·
752 2943 780 2994 p.
802 2925 844 2977 19.
875 2930 1014 2977 Burmann.
1040 2927 1077 2978 ad
1103 2930 1173 2978 Suet.

70 3003 77 3010 ’
188 3013 254 3076 Aug.
270 3005 314 3061 78.
349 3009 402 3060 Sed
421 3025 454 3060 no
472 3008 499 3059 in
521 3009 563 3059 his
587 3009 712 3078 exemplis
736 3007 894 3065 alternm‘st
911 3013 989 3064 elteri
1009 3012 1171 3083 respondere

187 3103 281 3164 putes,
300 3091 360 3144 vido
376 3093 445 3145 Plin.
464 3093 533 3144 ilist.
550 3110 576 3146 u.
597 3092 715 3157 15,1s,
734 3094 776 3148 12.
799 3107 827 3150 et
852 3095 920 3150 daec
942 3094 1037 3152 autem
1062 3109 1091 3151 et
1104 3117 1172 3168 uper·

187 3179 245 3233 sica
263 3186 292 3232 et
311 3181 402 3231 cerina
419 3197 453 3230 ac
469 3177 626 3242 silvestria,
657 3189 688 3230 ut
713 3198 784 3233 uvae
802 3181 879 3236 cadis
896 3181 1009 3256 condita
1029 3179 1173 3254 usquead

186 3264 249 3320 alia
266 3265 409 3316 nascentia
425 3271 546 3315 aetatem
563 3260 618 3317 sibi
633 3275 799 3336 prorogant.
824 3270 915 3318 Senec.
924 3267 1008 3335 Epist.
1022 3267 1068 3331 58,
1086 3268 1128 3321 12.
1144 3276 1172 3320 et

187 3349 366 3410 taenearum,
374 3365 445 3417 quae
453 3363 510 3398 non
518 3357 590 3412 sunt,
599 3360 797 3403 rerumnatura
806 3351 1008 3422 complectitur.
1023 3352 1172 3404 Plinilist.

186 3453 214 3488 n.
231 3434 274 3499 15,
293 3433 338 3498 22,
354 3429 397 3482 24.
420 3441 448 3484 et
465 3429 532 3484 haec
546 3442 639 3487 autem
654 3433 728 3487 idem
740 3435 870 3489 Vitellius
888 3440 916 3490 in
927 3436 1044 3492 ltaliam
1063 3440 1172 3508 primus

184 3518 285 3576 intulit
302 3516 400 3573 ecdem
418 3516 551 3586 tempore.
584 3519 704 3571 scribon.
729 3522 809 3589 Larg.
832 3521 875 3574 70.
897 3533 925 3576 et
944 3522 997 3576 hcc
1015 3531 1111 3577 autem
1131 3542 1172 3576 ce·

189 3607 257 3659 teris
286 3603 495 3656 medicamentis
515 3606 628 3671 saepius
642 3599 748 3673 fauces
773 3617 801 3660 et
823 3607 946 3677 pressius
958 3603 1071 3678 fricare
1088 3625 1172 3678 opor·

184 3699 236 3743 tet.
270 3687 389 3740 Rhodias
407 3687 521 3740 coniecit
539 3697 568 3741 et
584 3686 637 3741 lroc
655 3700 687 3741 at
706 3695 810 3744 ceteris.
843 3691 912 3744 I'lin.
930 3693 998 3752 Hist·
1017 3711 1045 3747 n.
1063 3691 1105 3757 16,
1125 3690 1172 3755 27,

186 3756 230 3825 50.
246 3781 275 3827 ct
294 3770 427 3843 caprifici
443 3783 539 3826 autem
556 3770 592 3826 alr
610 3773 736 3830 adversis
745 3771 836 3847 foliis
861 3788 1020 3831 nascuntur.
1053 3777 1171 3830 Forccl-

183 3859 256 3911 linas
275 3857 363 3910 nescio
379 3857 443 3927 quid
459 3858 563 3910 mollius
580 3859 609 3909 in
635 3859 685 3913 hac
703 3861 818 3913 dictione
838 3861 1055 3915 animadvertisse
1072 3880 1101 3915 se
1123 3861 1169 3913 di-

179 3944 229 3998 5ἰῄ
263 3945 293 3994 ln
311 3930 486 4007 Quinctil.4‚
506 3942 539 4008 1,
557 3941 600 3994 66.
622 3943 690 3997 bene
713 3945 830 3997 restituit
854 3946 1034 4015 Spaldingius:
1063 3957 1094 4000 et
1113 3946 1171 4000 De·

183 4027 341 4083 mostlrenes
358 4039 451 4082 autem
469 4026 508 4079 ad
531 4027 874 4095 Aeschinemoractonem
891 4032 922 4088 in
939 4032 1087 4106 prooemio
1105 4047 1173 4088 sort·

184 4115 285 4177 vertit,
304 4124 333 4171 ct
349 4113 472 4170 Maras
496 4111 634 4170 Tullius..
983 4116 985 4125 ’
