2618 4770
1062 258 1133 367 ‘css

187 446 242 499 cic.
259 445 293 514 de
313 448 388 519 Oret.
401 445 440 515 ,1,
454 445 491 513 9,
504 444 548 501 87.
568 467 608 503 an
625 466 691 503 uero
708 446 761 505 tibi
782 449 920 519 Honestius
936 448 993 525 ilie
1012 463 1066 505 out
1080 470 1131 523 pc·

152 543 242 586 stores
257 542 287 586 et
302 549 439 602 concessas
455 550 638 605 congregasse
654 545 705 588 aut
718 533 893 598 ,Sabinorum
912 536 1050 610 connubia
1067 557 1130 590 oon·
1223 590 1226 594 .

151 620 278 679 iunxisse
301 627 354 671 aut
378 616 569 689 finitimorum
591 624 648 674 uim
680 614 841 691 repressisse
869 619 1028 692 eloquentia
1041 621 1129 676 ‚vidc-

151 704 220 755 tuc?
238 720 291 771 pro,
307 706 386 756 Rosc.
400 706 433 758 A.
455 705 499 770 40,
519 704 578 759 118.
590 724 659 775 Ιιιιιιη
674 715 725 765 aut
744 702 799 773 itte,
812 702 920 767 lanista
939 709 1052 761 omuino
1072 709 1128 760 iam

113 846 117 853 ¹
150 807 168 840 a
182 785 346 859 gladiatore
367 791 509 843 recessisse
526 788 656 854 uidetur,
685 800 736 843 aut
754 795 806 845 iste
825 791 981 864 discipulus,
994 795 1128 863 magistro

154 871 295 925 tantulum
315 872 350 926 de
373 884 435 927 arte
450 874 617 941 concedere?
635 877 734 937 Senes.
755 877 788 929 de
809 877 897 935 const.
915 896 969 948 sep.
987 876 1021 944 5,
1040 877 1065 932 5.
1084 896 1128 930 co·

146 961 210 1030 gita
226 978 307 1025 nuuc,
323 977 362 1012 an
379 956 442 1014 isuic
456 953 528 1028 fur,
546 969 596 1011 aut
613 957 807 1024 calumniator,
825 972 876 1013 aut
892 956 999 1019 vicinus
1014 974 1126 1034 potens,

148 1054 199 1111 aut
216 1040 295 1124 siivas
314 1041 419 1117 aliquis
435 1063 549 1117 regnum
567 1041 652 1097 orbae
669 1050 816 1113 senectutis
829 1065 957 1100 exercens
968 1041 1069 1121 fucere
1088 1051 1128 1102 in·

147 1131 249 1184 iuriam
272 1133 365 1198 possit
392 1139 443 1180 etc.
478 1128 533 1182 Cic.
561 1129 594 1181 dc
620 1122 734 1183 Natio.
762 1131 792 1196 1,
815 1131 951 1196 43,’121.
975 1134 1036 1203 quis
1054 1133 1128 1184 enim

104 1252 108 1258 -
147 1217 218 1269 istas
244 1211 382 1287 imagines
407 1209 635 1283 comprehendere
660 1202 763 1267 animo*
786 1219 905 1284 potest?
932 1243 965 1254 -
990 1204 1051 1289 quis
1078 1227 1128 1268 aut

147 1299 227 1352 cultu
250 1290 309 1350 aut‘
325 1282 460 1368 religione
481 1298 584 1370 dignas
604 1296 752 1369 iudicare?
779 1302 841 1355 Non
860 1301 996 1353 offendere
1015 1299 1127 1354 debebat

146 1383 345 1463 Heinndorfium,
362 1399 428 1452 quae
444 1383 635 1455 propemodum
652 1383 810 1451 idemsint,
828 1385 867 1435 sic
884 1384 1006 1452 disiungi.

160 1500 205 1566 ss.
250 1506 281 1566 1.
305 1499 491 1565 Discrimcn
510 1501 611 1584 illud,
635 1503 728 1590 quod
750 1513 845 1574 untes
869 1471 1127 1589 exposuispar-
1181 1447 1303 1562 ..isvis

99 1586 196 1652 culae
211 1599 274 1651 aut
288 1587 551 1675 semelpositee,
571 1589 698 1653 ratione
714 1599 862 1672 constat,
883 1599 983 1686 atque
1000 1584 1126 1651 confir·
1189 1578 1268 1658 susi
1276 1618 1282 1627 ‚

99 1683 189 1737 satur
201 1694 264 1737 usu
281 1694 433 1736 omnium
449 1683 671 1772 sculptorum,
695 1676 836 1762 quinon
850 1675 1053 1762 negligenter
1069 1670 1126 1767 lo·
1137 1724 1197 1767 444,
1206 1728 1227 1761 μ

101 1768 236 1823 uuntur.
277 1758 363 1822 Nom
385 1779 519 1843 quucm
538 1771 735 1824 aitt-uut
758 1782 860 1847 aequa
882 1760 965 1824 ratio
991 1777 1127 1840 cousps-
1208 1780 1283 1849 sss-2

99 1846 183 1928 itur,
204 1845 239 1907 in
256 1854 318 1907 cut
332 1843 444 1934 inipuu
461 1853 526 1926 est,
550 1855 580 1909 et
594 1867 698 1933 quum
713 1847 749 1910 iu
767 1835 1028 1910 ulteriu'ilocum
1043 1841 1127 1905 ulte·
1175 1809 1208 1905 ’,1

99 1952 154 1995 um
169 1929 401 2005 substituatur,
430 1940 544 2016 potest
566 1930 647 1994 illud
663 1933 774 2018 ipsum
796 1929 1042 2019 pro'primurio
1065 1925 1126 1989 hu-

102 2017 168 2096 eri,
197 2015 284 2079 unde
299 2012 338 2077 fit
355 2014 485 2101 pletum
511 2036 552 2079 ue
569 2015 743 2098 descensus
761 2041 778 2080 u
798 2018 926 2080 maiore
943 2014 982 2078 ad
1003 2012 1125 2077 minus.

99 2098 249 2166 *lenificat
271 2111 332 2164 out
353 2096 497 2188 simplex
524 2094 608 2166 oder
637 2092 745 2184 ancl,
773 2114 963 2167 autetiam.
1014 2091 1127 2178 Quare

102 2210 119 2252 c
145 2186 297 2252 wartzius
314 2184 435 2270 aliique
449 2199 688 2276 praeceperunt
703 2199 764 2252 cist
779 2190 860 2277 poni
873 2189 909 2251 in
925 2185 1024 2250 rebus
1038 2183 1125 2279 iuiu-

99 2273 192 2338 uu'dis
210 2283 241 2335 et
255 2270 441 2335 'minoribus
458 2283 491 2336 et
505 2272 627 2338 vilioris
642 2274 754 2362 pretii.
775 2274 842 2340 uid.
856 2271 967 2338 Wolf.
984 2269 1126 2334 etHem-

1177 1926 1194 1955 e
1221 1922 1273 1958 tus-ts,

100 2357 165 2424 orf.
191 2359 231 2424 ud
254 2357 372 2420 Horat.
401 2358 469 2421 Sat.
495 2364 532 2435 1,
557 2365 594 2438 1,
618 2363 649 2424 8.
692 2360 890 2425 Necessitate
913 2355 1041 2421 sublata
1064 2362 1125 2416 cut

101 2441 274 2533 sepius-ud
290 2441 341 2527 cel
362 2443 504 2510 accedite
528 2444 587 2509 sed
610 2443 662 2512 cel
682 2446 882 2534 cogitatione
902 2453 1033 2509 tuntum
1056 2437 1126 2503 dis-

99 2530 215 2630 nguit3
235 2548 307 2599 uon
325 2549 374 2592 re.

178 2647 320 2703 Diomedes
335 2656 362 2718 p.
379 2637 442 2698 4'11.
460 2644 488 2700 Α
496 2654 534 2697 ut
560 2646 586 2698 si
607 2645 694 2701 semei
716 2653 929 2717 pronuntiatur,
956 2648 1127 2702 diminutiva

144 2746 188 2794 est
207 2745 235 2788 et
252 2723 373 2806 gradoni
393 2728 477 2784 habet
499 2728 538 2783 ad
557 2726 696 2810 inferiora
715 2733 888 2799 tendentem,
906 2744 938 2787 ut
951 2751 1040 2805 -quum
1060 2730 1127 2784 dici·

144 2837 206 2875 mus
226 2817 361 2872 librum
383 2816 473 2871 uolo
492 2826 555 2870 aut
577 2820 754 2893 pretium,
783 2831 831 2884 ut,
848 2822 873 2873 si
893 2816 963 2874 liber
981 2835 1060 2890 quem
1075 2833 1127 2887 po·

115 2894 118 2898 ⁵
145 2903 381 2965 tissimum-volo,
402 2906 515 2956 ctissime
530 2901 679 2969 reddatur,
698 2916 773 2970 tum,
792 2907 867 2976 quod
886 2903 1044 2965 secundum
1064 2921 1127 2972 pre·

144 2994 226 3047 tium.
262 2992 333 3044 item
358 2991 486 3042 incute
509 2988 581 3041 uim
600 2992 729 3044 uentis
757 2989 1045 3059 submersasque
1072 2983 1126 3037 ob·
1222 3006 1230 3017 ’

146 3094 208 3131 rue
233 3084 394 3146 puppes,
431 3084 497 3126 auc
521 3091 595 3144 fuge
622 3072 802 3128 diverses
824 3085 859 3129 et
880 3067 1027 3129 »disiice
1053 3087 1125 3124 cor·

144 3178 235 3232 pora
252 3169 381 3228 ponto.
400 3177 465 3212 nam
476 3153 581 3228 furens
594 3159 664 3212 Iuno
683 3169 711 3212 et
731 3161 814 3226 irata,
835 3159 911 3232 quod
928 3160 1127 3230 gravissimum

145 3244 291 3310 credebat,
309 3242 440 3313 optauit,
460 3241 561 3296 deinde
581 3242 657 3314 quod
675 3242 823 3296 secundum
842 3243 946 3299 intulit.

180 3364 284 3416 Sallust.
302 3358 425 3428 1ug.66,
444 3359 469 3414 5.
487 3351 620 3430 profecto
640 3365 730 3417 cuncti
746 3374 797 3416 aut
813 3382 917 3438 magua
933 3379 1001 3434 pars
1022 3361 1127 3415 Siccen-

145 3448 217 3502 sium
236 3445 328 3517 fidem
349 3444 539 3497 mutavissent.
576 3447 662 3506 Tecit.
685 3451 735 3500 Au.
754 3448 787 3513 1,
806 3448 849 3503 30.
866 3465 934 3519 pars
949 3474 984 3487 -·
1001 3466 1019 3499 a
1037 3455 1127 3499 centu·

147 3531 273 3589 tionibus
299 3541 349 3584 aut
379 3532 583 3607 praetoriarum
606 3529 759 3588 cohortium
790 3531 928 3588 militibus
957 3530 1038 3585 caesi.
1069 3531 1087 3580 i.
1105 3548 1128 3580 e.

146 3615 313 3674 celerauit.
347 3615 405 3667 Lis.
428 3612 462 3680 6,
487 3613 538 3678 18,
554 3614 580 3668 7.
602 3615 760 3671 audendum
780 3630 823 3674 est
846 3615 956 3687 aliquid
982 3614 1127 3678 uniuersis,

145 3714 195 3758 aut
220 3703 316 3756 omnia
343 3698 463 3771 singulis
488 3700 632 3767 patienda.
653 3703 705 3753 alia
728 3704 831 3756 exsistit
847 3701 977 3752 sententia
994 3699 1126 3768 geminato

145 3797 205 3842 aut.
224 3787 291 3838 illud
310 3784 381 3837 enim
400 3785 545 3852 significat:
571 3787 717 3839 audendum
737 3798 778 3840 est
796 3784 896 3853 aliquid
913 3787 1057 3840 universis:
1075 3785 1128 3835 hoc

146 3872 299 3944 primarium
324 3881 381 3934 est,
404 3872 474 3941 quod
501 3871 553 3922 nisi
573 3872 633 3939 fiat,
660 3873 728 3923 nihil
756 3873 885 3941 reliquum
905 3873 971 3934 erit,
997 3889 1075 3941 quum
1098 3879 1128 3919 ut

147 3957 235 4010 omnia
262 3955 358 4024 singuli
382 3957 524 4025 potiuntur.
570 3959 623 4010 cic.
650 3958 683 4008 de
712 3957 762 4017 Off.
778 3955 813 4019 8,
839 3957 888 4021 13,
906 3955 949 4007 54.
975 3971 1076 4027 quaero
1094 3982 1127 3992 -

147 4062 213 4096 num
233 4041 335 4095 iniuste
351 4050 402 4094 aut
421 4043 544 4112 improbe
563 4038 676 4112 fecerit.
695 4041 713 4092 i.
730 4061 754 4094 e.
769 4030 821 4093 nisi
838 4042 952 4105 iniuste,
968 4052 1055 4092 tumen
1073 4040 1127 4090 im·
1184 4040 1187 4045 ’

148 4128 250 4199 probe,
275 4135 349 4181 ceste
376 4125 504 4197 improbe.
545 4130 579 4183 ad
603 4130 657 4182 Ast.
678 4127 727 4195 10,
753 4126 794 4182 12.
820 4145 905 4203 quere
927 4131 957 4182 vi
980 4136 1029 4181 aut
1056 4123 1127 4180 clam
