2618 4770
551 317 683 411 neno.
774 364 776 369 .
976 289 979 299 ’
1049 289 1138 391 nr

59 477 108 542 vit
120 473 293 564 posterior
311 482 398 540 aetas
413 482 447 538 et
461 475 755 562 grammaticorum
771 473 923 544 doctrina
938 478 974 542 in
990 477 1111 543 distin-
1205 494 1210 506 ‘

16 566 30 603 ='
55 561 201 652 .guendis
216 559 386 627 vocabulis
405 560 504 624 nimis
520 559 698 624 laboriosa.
728 560 1006 628 Pronuntiabatur
1018 566 1111 630 enirn

68 647 263 728 adversum,
288 641 441 735 affittim,
471 645 743 725 adeatsecunda
759 655 872 711 acutae
898 646 932 735 id
947 650 1038 735 quod
1054 647 1111 714 re-

68 733 172 824 spexit
186 731 321 812 Festus,
341 732 431 797 cuius
448 741 534 796 aetas
549 732 704 798 Anniano
720 730 863 819 aequalis
878 732 952 819 ipse
971 733 1038 800 hcc
1055 757 1111 800 ar-

26 818 30 825 ’
73 828 222 909 gemente
238 817 459 883 demonstrari
474 827 597 905 potest.

102 936 104 941 ’
130 937 173 1004 ’“Ι.
202 934 486 1004 In'constttuenda
501 935 740 1026 significatione
763 936 856 1002 verbi
874 955 969 1004 Anno
986 943 1112 1028 antiqui

60 1023 226 1114 temporis
240 1043 339 1087 usum
357 1042 375 1087 a
388 1022 574 1088 recentiore
580 1023 820 1109 distinguamus
830 1038 962 1089 necesse
972 1036 1029 1091 est.
1048 1029 1113 1093 Ve-

76 1118 148 1177 teres
169 1110 259 1176 enim
277 1108 477 1194 scriptores,
507 1108 674 1198 imprimis
699 1109 830 1186 comici,
855 1110 944 1175 adeo
954 1112 998 1175 ita
1014 1133 1113 1179 usur-

95 1205 206 1278 aant,
225 1203 282 1277 ut,
303 1194 395 1259 nulla
416 1195 557 1261 eximiae
573 1193 624 1260 vel
643 1194 857 1259 accrescentis
876 1198 1129 1295 magnitudinis.

75 1216 177 1367 debita
190 1280 340 1361 ratione,
366 1279 431 1367 pro
452 1303 491 1345 eo
511 1279 607 1347 etad
628 1278 668 1342 id
680 1290 846 1366 ponerent
861 1282 901 1345 ad
917 1283 1113 1369 simpliciter

10 1410 22 1469 5
60 1365 276 1447 ‘indicandum
290 1363 358 1430 loci
374 1365 426 1430 vel
440 1366 605 1515 temuffisoris
617 1365 831 1449 terminum,
848 1387 957 1453 neque
974 1367 1114 1434 adscen-

71 1453 178 1518 derent
195 1473 255 1538 per
280 1449 367 1515 hanc
386 1451 493 1537 partic
530 1460 585 1518 am‘
605 1450 646 1515 ad
663 1451 834 1538 superiora
849 1462 883 1517 et
897 1453 1036 1519 maiora.
1074 1453 1113 1520 Id
1136 1530 1139 1539 ¹

69 1537 299 1627 exemplorum
315 1535 367 1600 his
383 1537 557 1624 generibus
574 1535 769 1601 declaratur.
798 1584 801 1588 -
1153 1550 1157 1559 ’

145 1662 178 1729 1,
200 1654 267 1732 Vbi
282 1655 364 1721 Cato
379 1654 421 1722 de
434 1656 484 1722 Re
498 1664 582 1722 rust.
603 1657 666 1732 40,
688 1660 741 1723 13.
763 1654 825 1720 eit:
851 1678 890 1720 eo
911 1656 1018 1721 artita
1034 1679 1112 1723 creer-

11 1738 17 1749 '
70 1741 193 1820 metm,
216 1745 313 1830 quem
334 1742 483 1808 inserere
500 1741 610 1807 cotes:
634 1738 758 1807 librum
776 1739 826 1806 ed
839 1738 966 1805 libram
982 1763 1134 1820 sorsum¹

57 1824 192 1919 facite:
216 1827 324 1893 ertito
340 1827 567 1915 usqueadeo,
600 1847 664 1913 qna
674 1825 911 1913 praecaeteris.
932 1829 1115 1893 terminum
1198 1827 1200 1835 '

61 1913 224 2003 significat
245 1912 452 2000 simpliciter.
480 1913 552 1979 Nos
567 1913 744 1999 vertimus:
764 1910 858 2000 frige
885 1911 951 1976 des
975 1909 1055 1979 Heia
1077 1938 1115 1978 se

58 2000 142 2067 weit
155 1998 286 2070 dicein,
308 1998 363 2062 αἱς·
379 1999 426 2063 dn
444 2022 478 2065 es
493 1997 685 2086 angespitat
700 1999 796 2062 tacet
833 1995 1013 2063 Recentior
1030 2001 1115 2063 scri-

57 2095 142 2176 ptor
163 2084 194 2150 si
217 2083 291 2171 quis
312 2083 359 2149 ita
379 2085 531 2164 dixisset,
560 2104 674 2147 sensus
697 2094 802 2149 esset:
839 2104 911 2147 non
932 2092 1063 2148 tantum
1078 2086 1114 2149 in

58 2182 151 2238 certe
182 2169 247 2235 ista
270 2179 382 2257 parte,
410 2171 486 2255 sed,
519 2168 611 2257 quad
625 2169 733 2234 maius
759 2179 827 2253 est,
858 2189 962 2259 usqne
989 2171 1029 2237 ad
1053 2193 1116 2237 ex·
1147 2251 1149 2254 Ι

56 2268 207 2326 tremam
231 2264 375 2344 partem.

145 2382 180 2442 Ξ.
192 2381 194 2385 ’
206 2376 344 2442 Veteres
366 2385 507 2439 utuntur
527 2358 598 2440 hoc
623 2370 788 2441 vocabule
808 2374 843 2438 in
863 2374 1117 2463 comparatione
1200 2362 1204 2384 ”

55 2480 180 2530 rerum·
200 2461 384 2546 aequalium
414 2460 624 2547 aequalisque
645 2461 899 2548 magnitudinis:
925 2483 990 2548 qua
1010 2460 1047 2524 in
1063 2459 1116 2523 di-

56 2551 176 2616 ctione
190 2547 340 2637 sequitur
354 2559 411 2623 ut,
433 2557 523 2611 etex
540 2569 646 2637 aequo
662 2546 846 2635 apponitur
863 2559 956 2641 tam..

166 2668 252 2747 Plaut7
267 2665 344 2734 Epid.
357 2664 390 2731 4,
411 2666 443 2731 1,
464 2665 508 2721 38.
528 2665 579 2720 tlte
597 2687 659 2721 cam
675 2672 733 2720 rem
753 2665 825 2720 adeo
842 2664 933 2745 sobrie
949 2676 978 2719 et
989 2661 1118 2738 frugali·
1218 2662 1220 2667 ’

86 2780 89 2785 ·
131 2763 175 2807 tet·
189 2752 348 2815 accuravit,
366 2763 398 2805 ut
413 2747 487 2829 adias
502 2770 544 2806 res
558 2762 601 2807 est
616 2754 738 2823 impense
754 2747 907 2821 improbas.
930 2754 986 2805 Nos
1003 2755 1031 2805 in
1043 2752 1116 2806 decc·
1165 2802 1168 2815 ,

130 2834 228 2893 selben
245 2835 342 2891 Grada
361 2864 414 2900 -,
434 2838 463 2890 in
484 2835 622 2890 walchem.
639 2839 748 2890 Terent.
761 2835 843 2890 Andr.
861 2834 892 2900 1,
914 2833 948 2900 5,
968 2837 1010 2889 10.
1025 2837 1132 2891 adcon'

128 2920 270 2976 hominem
292 2939 352 2974 erse
378 2925 554 2976 invenustam
576 2933 626 2975 ant
646 2917 787 2992 infelicem
805 2916 984 2992 quenquam}
1014 2934 1046 2973 ut
1064 2941 1116 2994 ego

131 3025 203 3063 sum.
226 3006 340 3074 Elegans
365 3018 405 3060 est
425 3007 515 3060 Bethii
539 3007 688 3059 emendatio
713 3005 742 3056 in
765 3007 872 3056 Terent.
890 3008 955 3058 Hee.
969 3006 1003 3073 2,
1023 3007 1055 3069 1,
1074 3008 1119 3059 21.
1194 3002 1195 3006 ¹

127 3076 258 3162 '‘adeoque
271 3101 302 3142 at
316 3107 368 3143 vos
387 3090 454 3144 ηιιἹιί
474 3091 551 3144 domi
565 3092 652 3155 eritis,
669 3090 788 3162 proinde
803 3108 855 3161 ego
870 3108 917 3145 cro
928 3087 1017 3160 foris.
1032 3092 1118 3144 Plaut.

130 3176 212 3230 True.
228 3173 257 3238 2,
271 3174 299 3237 2,
316 3173 359 3229 34.
378 3179 445 3248 qaia
459 3179 529 3231 adca
540 3172 624 3248 fores
645 3187 756 3228 nostras
765 3178 911 3246 unguentis
927 3187 1012 3230 uncta
1026 3196 1055 3229 es
1070 3197 1120 3230 aa·

132 3280 167 3315 sa
190 3258 336 3322 accedere,
373 3263 492 3332 quiaque
525 3266 598 3321 istas
624 3259 723 3313 buccas
754 3270 828 3314 tam
847 3256 921 3315 delle
943 3265 1119 3333 purpurissa-

135 3356 181 3400 tas
209 3341 304 3399 habes.
336 3348 398 3398 Nan
419 3348 472 3400 huc
492 3347 609 3418 pertinet
630 3346 746 3398 Juvenal.
767 3341 803 3408 3,
821 3343 883 3400 274.
898 3357 928 3400 nt
953 3347 1026 3400 infra
1041 3347 1119 3399 vide·

134 3433 231 3486 bimus.

168 3537 205 3586 Et
219 3534 251 3589 in
268 3533 429 3589 diversarum
448 3549 537 3585 rerum
556 3531 660 3600 aequali
679 3547 801 3583 mensura
816 3532 926 3601 panitur
947 3550 1030 3603 qaum
1050 3549 1119 3584 cen·

87 3620 89 3627 '
129 3619 232 3674 iunctio
249 3636 265 3670 a
280 3619 371 3669 Plauto
387 3617 481 3670 Pseud.
502 3617 535 3682 1,
550 3618 577 3680 2,
595 3614 639 3668 60.
659 3621 726 3670 vino
742 3612 825 3669 mado
846 3615 965 3690 cupidae
981 3619 1065 3671 estis:
1086 3636 1120 3672 eo

132 3722 189 3758 vos
210 3714 319 3757 vestras
343 3703 526 3776 panticesquc
555 3703 628 3758 adca
661 3698 864 3774 madefacitis,
892 3720 975 3774 quam
993 3721 1046 3774 ega
1066 3706 1120 3759 rim
1144 3696 1148 3723 ³

133 3787 182 3844 hic
198 3789 296 3843 siccus.
881 3837 888 3868 Ι

166 3895 277 3946 Poterat
293 3892 456 3960 comparatio
471 3891 506 3943 ad
519 3890 715 3945 similitudinem
730 3889 843 3943 referri:
860 3887 905 3939 nbi
921 3886 1040 3955 seqnitur
1054 3907 1120 3960 qua.

134 3981 171 4034 si.
199 3980 308 4030 Terent.
323 3979 418 4030 Heaut.
432 3974 467 4041 5,
489 3977 523 4041 1,
549 3976 590 4040 12,
607 3975 730 4046 gaudere
744 3975 816 4028 adeo
831 3976 956 4042 occepit,
975 3977 1055 4046 quasi
1072 3979 1121 4047 qai
1210 3964 1212 3969 ’

136 4067 253 4135 capiunt
285 4064 408 4131 nuptias.
435 4063 455 4118 i.
473 4081 497 4117 e.
524 4071 640 4130 tantam,
668 4070 792 4132 quantam
810 4057 925 4129 gaudent
940 4058 961 4111 ii
968 4095 982 4125 5
1004 4059 1050 4130 qni
1067 4078 1119 4113 nn·

136 4151 207 4221 ptine
225 4148 344 4220 cupiunt.
