2618 4770
548 327 682 411 ALlAS.
1062 343 1129 411 2116

139 436 270 561 ebrporis
284 485 430 541 nauare
456 452 502 536 ubi
522 483 628 538 Calvina
643 494 673 539 et
688 475 857 559 Oudendorp.
874 485 1035 562 seripserunt
1053 494 1125 554 alia.
1182 458 1188 469 i

139 571 353 643 Quodbossaha
373 579 507 640 comparat
523 566 632 640 Vopisci
651 572 747 623 (larum
765 570 792 627 7.
821 573 870 627 scd
891 575 960 632 lraec
979 576 1069 643 alias,
1095 582 1139 638 iss«
1237 632 1240 645 ,

141 661 311 796 ipsiasfvita
337 655 432 721 Casiri
449 651 568 711 dicenda
582 665 656 713 sunt.
685 664 776 725 potest
796 653 982 729 aliquomodo
1001 658 1035 717 ad
1053 676 1124 720 tem-

141 762 192 816 pus
208 754 238 797 re
251 744 313 815 ersi·
336 804 339 813 ἱ

162 848 214 914 14.
250 845 435 943 Scriptores
458 841 612 909 nonnulli
628 840 847 928 recentiores,
870 845 1037 946 imprimis
1057 852 1126 918 pli.

103 931 173 1012 ius,
188 932 280 999 alias
295 929 467 1010 dicebant,
489 928 547 994 ubi
561 929 598 992 in
611 949 678 993 una
693 929 803 1018 aliqua
826 952 864 997 re
887 934 985 1000 aham
1009 939 1126 1003 condi-
1179 984 1183 989 »

103 1018 220 1102 ionem,
244 1017 383 1083 aliamve
404 1016 590 1096 rationem,
603 1034 714 1100 squam
738 1038 821 1102 quae
844 1021 948 1088 modo
972 1024 1127 1088 conside..

103 1116 224 1187 nactur,
250 1099 497 1187 intelligebant,
527 1115 565 1163 ut
585 1097 676 1164 idem
701 1112 787 1164 esset
813 1105 903 1188 quod
927 1120 1128 1192 praeterea,

103 1191 261 1280 idequins.
279 1184 492 1277 aufiserdem,
520 1195 627 1248 const.
678 1183 718 1248 Id
744 1207 848 1272 quum
873 1191 1050 1280 Scioppius
1078 1196 1128 1260 vj.

103 1276 181 1351 disset
191 1275 334 1351 alienum
348 1271 451 1351 fuisse
474 1290 492 1335 a
513 1281 664 1336 veterum
689 1272 894 1358 scriptorum
915 1297 997 1359 usu,
1026 1279 1131 1344 vehe..

105 1373 209 1431 naar
221 1357 433 1460 reprehendit
449 1378 517 1436 eos,
539 1355 597 1441 qui
612 1372 771 1442 umquam
781 1358 879 1423 olias
896 1384 959 1447 pro
976 1363 1130 1452 alioquin

107 1456 320 1537 urpavennt.
361 1442 465 1508 Iudic.
484 1441 524 1504 de
540 1441 616 1504 stilo
630 1439 709 1505 hist.
724 1466 759 1530 p.
778 1443 851 1508 161.
874 1450 947 1511 181.
966 1446 1129 1515 183.191.

103 1534 155 1599 tal
166 1532 318 1601 Graevius
332 1529 373 1595 ad
389 1528 479 1593 Suet.
498 1525 612 1590 Tiber.
628 1530 681 1590 71.
697 1549 770 1591 rem
789 1532 949 1619 exemplis
966 1554 1130 1621 compro-

103 1616 180 1685 tait.
217 1616 270 1682 Cf.
294 1606 506 1681 Perizon'ad
529 1606 756 1676 sanctulum.
784 1619 824 1697 1,
848 1614 899 1682 17.
940 1617 1073 1684 Tacitus
1098 1633 1131 1687 et
1237 1612 1240 1617 ⁴

106 1696 174 1773 alias
188 1703 290 1785 dixit,
313 1721 380 1787 quo
396 1697 500 1763 modo
516 1696 640 1761 Plinius
662 1709 696 1762 et
711 1698 853 1795 alioqui.

179 1825 246 1880 Plin.
272 1823 343 1875 Hist.
369 1837 397 1875 n.
422 1819 456 1885 2,
482 1815 542 1882 103,
568 1815 628 1870 106.
648 1815 779 1897 similiter
802 1818 845 1875 in'
858 1815 952 1876 ttlaro
973 1819 1048 1876 ultra
1068 1824 1133 1878 Sur-

151 1920 331 1980 rentum'non
349 1901 477 1977 virgulta
494 1901 577 1956 modo
601 1888 730 1968 iriaersa,
754 1921 850 1958 caum
869 1896 1000 1985 ''etsfolta
1025 1901 1131 1979 lapidi·

150 2005 245 2064 scant,
263 1991 339 2061 alias
355 1987 463 2045 salubri
486 1998 559 2061 pata
582 1982 641 2042 eius
660 2006 759 2062 aquas·
790 1988 843 2055 25,
858 1989 892 2053 2,
907 1989 935 2042 6.
958 1989 1034 2044 alias
1054 1991 1134 2064 apud

148 2092 277 2137 aratores
295 2074 468 2150 quentari
483 2078 532 2130 ani
547 2072 685 2128 medicina
702 2083 772 2127 erat.
784 2068 846 2147 18,
861 2061 897 2136 7,
918 2063 950 2138 6,
968 2071 995 2128 4.
1015 2078 1054 2132 L.
1078 2078 1133 2134 Ta.

145 2172 204 2225 etas
226 2159 327 2236 Rufus
352 2159 453 2232 infima
471 2158 611 2213 natalium
634 2157 796 2215 bumilitate
821 2158 997 2214 consulatum
1015 2163 1135 2221 militari
1196 2206 1199 2215 .

144 2252 290 2308 iudusnia
315 2249 429 2301 meritas
450 2247 584 2317 antiquae
604 2240 894 2314 aliarparcimoniae.
916 2243 966 2311 19,
984 2245 1017 2314 8,
1037 2247 1081 2302 48.
1107 2247 1133 2314 8,

143 2335 200 2404 25,
219 2327 264 2411 87.
283 2334 333 2401 12,
351 2332 386 2398 8,
402 2330 428 2383 7.
451 2333 492 2384 Ita
516 2329 631 2401 explico
646 2329 749 2399 Apulei.
778 2329 843 2380 Met.
859 2328 885 2380 9.
908 2345 935 2398 p.
954 2329 1016 2383 219.
1043 2329 1134 2399 dolio,

144 2420 226 2497 qaod
243 2428 305 2475 erat
322 2422 352 2472 ιἰι
371 2415 477 2489 angulo
501 2410 713 2479 semiobrutum,
737 2411 787 2469 sed
807 2412 882 2466 alias
898 2428 1034 2482 vacuum,
1052 2417 1135 2472 dissi.

103 2530 107 2539 ¹
124 2568 129 2573 ,
145 2506 292 2563 mulcator
308 2499 462 2562 abscondit.
490 2501 509 2553 i.
530 2519 554 2553 e.
571 2509 696 2551 ceterum.
717 2496 803 2549 Tacit.
820 2501 888 2550 Ann.
907 2498 949 2565 16,
969 2500 993 2552 1.
1016 2512 1134 2556 ceterum

123 2653 127 2659 ,
144 2614 184 2640 -·-
208 2582 352 2648 Didonem
367 2589 512 2642 Ferrissam
530 2613 561 2626 -
579 2582 647 2639 illas
664 2601 733 2654 opes
750 2579 909 2645 abdidisse,
928 2603 963 2637 ae
980 2597 1070 2645 novus
1082 2605 1135 2658 po·

103 2701 106 2709 ·
144 2678 237 2757 palas
264 2675 353 2729 nimia
376 2674 494 2744 pecunia
518 2668 674 2730 lasciviret,
700 2678 751 2720 aut
775 2684 854 2738 reges
873 2662 1078 2738 Numidarum,
1106 2683 1135 2727 et

146 2765 225 2821 alias
243 2758 368 2833 infensi,
390 2756 520 2828 cupidine
545 2753 607 2825 auri
631 2753 670 2805 ad
692 2750 796 2806 bellum
820 2746 1047 2810 accenderentur?
1070 2759 1088 2809 i.
1109 2777 1135 2828 q.

150 2860 181 2905 et
199 2842 308 2916 aliolp'ui.
345 2843 469 2909 Heinsius
487 2852 586 2894 temere
602 2838 718 2905 coniecit
735 2840 762 2892 ei
779 2834 862 2892 alias.
887 2840 954 2894 Plin.
973 2842 1043 2893 Hist.
1062 2861 1089 2894 n.
1108 2842 1134 2907 8,

148 2935 201 3006 89,
216 2932 270 2989 59..
280 2940 309 2985 et
326 2929 399 2985 alias
413 2925 461 2982 vel
477 2943 571 2980 annua
582 2919 669 2995 same
685 2921 797 2975 darant.

194 3014 324 3073 Peculiari
349 3013 428 3066 modo
456 3012 578 3081 Apuleius
596 3006 743 3080 composuit
766 3007 873 3079 partim
889 3031 923 3047 α·
944 3001 1037 3072 alias,
1055 3008 1134 3060 sicuti

153 3107 258 3179 partim
274 3128 310 3143 ·-
327 3099 388 3154 alii.
405 3097 506 3150 Florid.
523 3096 549 3162 2,
568 3092 609 3148 14.
627 3091 736 3169 1³23⁵⁰s
753 3091 780 3146 8.
798 3089 866 3146 baec
878 3080 963 3163 atqtd
979 3090 1031 3144 lrcc
1048 3111 1137 3164 genas

153 3189 212 3244 alia
228 3189 333 3260 partim
350 3201 434 3256 quum
451 3181 562 3234 audiret
586 3200 604 3233 a
633 3180 762 3249 Diogene
787 3177 905 3239 Crates,¹
928 3175 1003 3229 alias
1024 3172 1137 3233 sibimet
1218 3161 1246 3229 i.

142 3277 216 3347 ipss
241 3277 399 3343 suggereret
422 3277 472 3318 etc.
508 3266 677 3334 Oudendorp.
706 3262 801 3328 „alias
825 3263 869 3313 hic
891 3261 962 3312 idem
982 3271 1038 3327 est,
1064 3263 1137 3331 quod
1267 3314 1273 3331 ,Ι

154 3359 266 3430 partim,
282 3354 415 3424 alioquin:
435 3364 485 3404 nec
502 3361 620 3420 tempus,
637 3343 685 3401 sed
700 3348 806 3423 modu'm
825 3347 929 3399 notat.“

103 3468 105 3472 ’
171 3462 221 3527 15.
252 3456 506 3535 Formulae,·'ut
523 3452 668 3532 videtur,
703 3450 872 3538 evtdgari
895 3465 1052 3515 sermone
1077 3446 1137 3511 de-

103 3555 160 3609 lln
184 3558 236 3611 tae
251 3568 321 3628 non
338 3543 429 3607 uliae
466 3561 566 3609 uam,
589 3561 659 3601 non
681 3537 773 3601 aliua
789 3529 859 3600 nisi
873 3535 1085 3622 reperiuntur
1101 3535 1137 3596 in

103 3626 142 3722 ’ξι
170 3633 194 3697 11
228 3640 261 3697 et
291 3629 396 3694 Curtii
421 3563 533 3704 liliis,
571 3632 604 3687 et
625 3622 822 3712 praesertim
844 3620 933 3709 apud
958 3619 1138 3706 leianum

103 3732 233 3807 -losque
247 3713 513 3780 iurisconsultos.

190 3828 277 3881 Tacit.
303 3830 370 3879 Ann.
389 3823 422 3887 3,
450 3820 494 3875 73.
512 3836 569 3873 uon
584 3819 659 3874 alias
676 3823 767 3892 magis
783 3838 835 3874 saa
854 3812 1010 3890 populique
1028 3815 1139 3868 ronaani

160 3911 325 3966 contumelia
343 3907 496 3960 indoluisse
523 3906 668 3961 Caesarem
678 3902 799 3975 ferant,
818 3921 901 3976 qaam
921 3897 997 3970 qaod
1015 3897 1139 3951 desertor

161 4010 187 4052 st
203 3996 310 4069 praedo
328 3995 451 4047 bostiam
467 4010 542 4044 mors
559 4001 664 4062 ageret.
695 3991 766 4059 quod
784 3989 932 4055 esiplicant:
960 4001 1014 4034 non
1034 3985 1086 4034 alia
1104 3984 1138 4036 ds

103 4082 111 4093 ”
144 4090 257 4136 'cansa
280 4080 404 4143 Buhlius,
419 4086 449 4128 ut
466 4075 622 4129 defenderet
640 4077 760 4127 Tacitum
785 4075 816 4123 ab
836 4071 902 4122 Hilli
920 4070 1137 4138 reprehensione,
1257 4116 1269 4129 ,

135 4167 305 4245 -de‘l'eciti
324 4165 394 4227 ,stilo
408 4182 447 4235 ,ps
464 4161 524 4234 58„
547 4163 590 4234 ad¹
605 4171 707 4232 tempas
723 4159 834 4237 ¹petru-it:
867 4174 922 4237 aaa
939 4154 1140 4231 alio-ternpore,
1184 4136 1191 4151 Ι
1238 4173 1241 4177 ·
