2618 4770
204 307 279 369 icc
567 246 767 377 mom.
810 297 877 362 Ae.

284 471 401 509 sorores.
417 454 488 505 Nos:
508 448 565 502 und
583 448 670 513 datu,
692 451 750 505 und
763 472 838 505 zwar
854 452 924 506 zwoi
943 450 1130 506 Scbwestem.
1171 455 1263 510 Caesar.

184 596 186 598 ,
270 526 313 593 ΙΒ.
334 542 388 593 Civ.
405 542 440 602 1,
458 535 500 588 50.
520 535 596 606 quod
616 555 651 589 ex
669 541 738 590 totis
759 541 829 606 ripis
849 541 879 592 in
904 557 988 590 tinum
1013 549 1101 610 atquo
1124 553 1263 610 angustum

219 616 224 625 ¹
288 624 380 677 locum
399 622 458 676 telo
481 619 661 676 iaciebantur.
697 624 750 674 Cic.
772 623 849 674 catil.
871 622 970 687 1,10,
989 621 1033 677 25.
1053 636 1159 677 nactus
1186 646 1214 679 es
1238 646 1264 680 et

216 706 221 717 '
283 709 404 781 perditis
421 719 504 776 atque
522 704 558 756 ab
576 710 653 761 omni
670 727 724 761 non
741 707 825 761 modo
843 703 983 776 fortuna,
1000 728 1097 761 verum
1119 701 1207 763 'etiam
1224 730 1265 780 spe

284 793 424 848 dotalis-tis
442 789 596 858 conflatam
621 791 810 862 improborum
827 811 948 845 manum.
984 792 1017 857 1,
1035 790 1071 858 5,
1097 794 1144 845 11.
1174 815 1265 868 magna

284 879 339 931 dsis
364 872 568 930 immortalibus
594 875 722 930 babendo
753 889 795 931 est
819 880 914 950 gratia
941 888 1026 948 atque
1044 878 1110 933 boio
1130 883 1191 950 ipsi
1212 884 1264 935 lovi

288 964 404 1016 Statori.
439 960 528 1011 Celsus
555 961 588 1025 1,
607 962 633 1013 2.
658 982 684 1031 p.
703 962 746 1016 23.
772 981 880 1028 cursus,
906 961 1079 1028 ambulatio,
1101 976 1191 1037 atque
1207 966 1264 1020 baec

282 1066 339 1101 non
362 1051 457 1117 utique
473 1043 572 1114 plana.
608 1048 661 1097 Cic.
679 1049 712 1098 de
728 1049 786 1098 Fin.
805 1046 838 1108 1,
861 1047 895 1115 9,
912 1046 956 1100 31.
975 1051 1070 1100 animo
1099 1070 1136 1103 ao
1162 1057 1265 1106 ratione

282 1129 407 1200 intelligi
426 1147 518 1199 posse.
538 1132 583 1182 ubi
602 1132 761 1184 Goerenzius
785 1142 863 1183 notat
886 1133 939 1184 vim
959 1133 1159 1202 explicativam.
1186 1141 1221 1188 cf.
1237 1140 1265 1189 ad

279 1213 448 1282 6,12,35.
475 1218 515 1267 Dc
534 1219 598 1285 ch.
616 1221 649 1281 1,
670 1217 717 1282 10,
734 1216 778 1270 28.
799 1236 882 1290 quiam
902 1228 934 1268 tu
960 1215 1044 1289 longo
1072 1222 1144 1272 iuris
1169 1223 1265 1292 princi·

280 1304 333 1373 pia
350 1303 453 1371 repetis
470 1311 555 1371 atquo
578 1304 637 1363 ita,
658 1313 690 1352 ut
707 1319 759 1372 ego
780 1319 836 1359 non
856 1301 940 1355 modo
955 1302 993 1355 ad
1011 1300 1065 1355 iila
1090 1322 1151 1356 non
1169 1325 1264 1377 prope-

216 1406 219 1412 ·
279 1404 338 1438 rem
362 1396 413 1458 cto.
438 1385 484 1436 ubi
512 1387 672 1438 Goerenzius
698 1387 765 1438 male
790 1387 906 1456 explicat
932 1405 980 1455 per
1005 1385 1062 1439 sed.
1099 1387 1137 1455 3,
1159 1389 1207 1455 14,
1226 1389 1263 1443 34.

151 1462 160 1529 ’,
213 1484 216 1490 ’
278 1471 364 1540 pauci
382 1472 469 1536 enim,
499 1482 584 1543 atque
609 1471 759 1524 admodum
787 1473 879 1542 pauci.
905 1473 991 1524 eilde
1011 1472 1062 1523 Off.
1084 1473 1187 1541 1‚44,
1209 1475 1261 1528 157.

278 1557 388 1606 Sueton.
404 1558 469 1606 Ner.
495 1557 536 1607 10.
557 1575 652 1609 omnes
676 1556 784 1608 ordines
805 1555 937 1621 subinde,
957 1577 991 1608 ao
1008 1562 1173 1611 memoriter
1192 1561 1262 1611 sabi-

282 1642 364 1694 taoit.
398 1643 437 1692 De
459 1642 518 1694 Fin.
540 1640 573 1706 6,
593 1638 642 1705 14,
665 1640 708 1692 40.
735 1642 781 1695 Sic
804 1651 832 1694 ct
854 1654 1004 1694 extremum
1028 1646 1156 1696 omnium
1182 1665 1261 1715 oppe-

282 1726 429 1779 tsndorum
454 1741 540 1798 atquo
568 1726 683 1779 ductum
708 1748 726 1778 a
753 1727 846 1798 prima
876 1727 1118 1799 commendatione
1149 1741 1261 1784 natum

283 1811 381 1865 multis
398 1810 532 1882 gradibus
548 1811 702 1866 adscendit.
724 1811 769 1863 ubi
785 1811 953 1864 coniecerunt
975 1812 1066 1884 idque.

325 1930 439 1981 Additur
460 1931 572 2002 quidem
595 1932 664 2000 apud
680 1932 765 1985 Plaut.
788 1930 866 1998 Epid.
886 1929 918 1995 1,
938 1931 970 1995 1,
988 1931 1032 1985 27.
1059 1951 1100 1983 nr.
1121 1932 1171 1986 nbi
1188 1955 1259 1988 arma

280 2026 344 2068 sunt
366 2016 575 2086 Stratippocli?
593 2034 634 2067 mr.
658 2017 712 2070 Pol
729 2015 783 2070 illa
801 2015 839 2068 ad
856 2015 949 2068 hostes
967 2014 1207 2090 transfugerunt?
1223 2040 1258 2071 cr.

279 2103 425 2154 Armanc?
452 2119 494 2152 rn-
511 2104 604 2173 Atque
624 2101 734 2172 quidem
756 2101 819 2152 cito.
855 2101 909 2152 Cic.
933 2102 965 2152 (le
982 2103 1047 2170 ch.
1066 2104 1099 2166 2,
1118 2102 1209 2169 5,12.
1232 2106 1258 2159 it

241 2196 245 2201 “
281 2198 358 2239 estne
376 2187 575 2238 numerandum
592 2187 620 2238 in
638 2184 740 2240 bonis?
756 2188 788 2249 Q.
806 2185 849 2239 Ao
868 2184 998 2240 maximis
1017 2188 1139 2260 quidem.

314 2291 372 2339 Hoc
393 2290 471 2341 modo
498 2291 576 2340 etism
597 2289 758 2355 sententiae,
781 2290 917 2342 nominum
940 2290 1039 2355 instar,
1066 2292 1255 2359 coniunguntur

278 2390 326 2439 per
350 2383 436 2443 atque
464 2384 517 2428 ut.·
540 2376 621 2425 Plaut.
646 2375 740 2425 Bacch.
760 2370 793 2437 5,
810 2376 844 2438 2,
862 2374 906 2427 67.
932 2376 990 2428 isne
1019 2387 1049 2427 tu
1077 2374 1132 2428 boo
1158 2396 1254 2430 mecum

280 2461 372 2522 intro,
400 2470 486 2530 atque
503 2470 533 2510 ot
551 2464 591 2513 eis
610 2459 714 2512 delicta
732 2460 922 2530 ignoscasbi.
943 2479 966 2512 e.
985 2460 1067 2513 etita
1092 2462 1199 2528 quidem
1220 2472 1251 2512 ut.

280 2543 352 2609 quod
368 2563 517 2612 expressum
535 2547 588 2597 Cic.
607 2546 640 2598 de
657 2548 721 2612 Leg.
740 2545 772 2608 1,
791 2544 840 2608 10,
860 2542 903 2596 28.

298 2667 349 2726 11.
377 2662 504 2728 Dicitur
519 2677 619 2752 atque
637 2663 692 2744 id,
714 2663 808 2728 sicuti
825 2662 943 2749 idque,
967 2666 1024 2729 ubi
1037 2685 1189 2748 ‘¹139er
1200 2662 1250 2726 cli-

210 2745 290 2841 qnid
307 2771 348 2811 ex
366 2773 471 2836 aequo
488 2752 634 2849 cdditur‚
661 2750 939 2898 §.um-mm
964 2751 1015 2817 vel
1038 2751 1174 2835 gravior
1191 2770 1251 2813 csse

208 2832 373 2917 videatur,
392 2847 446 2899 aut
463 2835 644 2903 distinctius
683 2820 843 2900 ciimatur.

194 2972 197 2980 “
239 3032 242 3037 .
315 2971 369 3021 Cic.
386 2974 420 3022 cd
439 2977 493 3024 Att.
515 2969 546 3030 6.
567 2964 608 3025 12.
628 2976 775 3048 negotium!
795 2989 927 3042 magnum
946 2982 987 3023 est
1004 2972 1156 3040 navigare,
1176 2981 1250 3041 atquo

277 3051 308 3106 id
333 3075 424 3110 mense
442 3056 561 3129 quintili.
594 3059 625 3122 1,
648 3058 689 3107 14.
720 3054 890 3119 distinebar,
915 3065 946 3107 ut
964 3052 1027 3105 boio
1051 3059 1104 3109 vix
1128 3055 1250 3108 tantulae

277 3139 548 3211 epistolaeftempus
569 3139 727 3206 habuerim,
753 3154 838 3213 atque
859 3140 889 3192 id
906 3151 1029 3210 ereptum
1047 3161 1062 3193 c
1081 3143 1196 3193 summis
1212 3160 1249 3194 oc·

276 3225 479 3293 copationibus.
513 3231 543 3278 In
561 3228 612 3291 iis,
632 3245 696 3296 quac
716 3227 804 3296 paullo
825 3236 886 3294 post
902 3227 1033 3293 leguntur,
1052 3226 1203 3294 respondit
1219 3234 1249 3278 et

275 3312 286 3362 i
294 3307 313 3359 d
341 3310 436 3365 uiuitis
454 3311 561 3376 verbis,
585 3330 639 3363 non
657 3314 755 3365 diserte
778 3313 932 3380 exprimitur
952 3312 1050 3372 maius,
1076 3311 1149 3378 quod
1174 3328 1249 3377 aequo

272 3395 488 3447 considerandum
509 3398 560 3462 sit,
580 3408 747 3450 momentum.
780 3396 913 3449 Differunt
930 3397 998 3448 enim
1013 3396 1097 3459 haec,
1116 3407 1146 3446 ut
1164 3407 1249 3446 nostra

273 3480 351 3529 verba
372 3481 430 3533 und
455 3481 526 3534 datu
550 3481 630 3534 nocb.
665 3484 684 3534 i.
703 3503 725 3534 e.
752 3483 809 3536 unci
828 3501 927 3554 sogor,
953 3491 980 3532 ct
999 3481 1056 3533 und
1076 3481 1145 3533 dies.
1182 3482 1248 3532 Caes.

269 3565 299 3613 Β.
319 3565 373 3615 civ.
392 3567 487 3630 1,,27.
516 3571 647 3622 maximis
665 3567 770 3637 defixis
786 3566 912 3622 trabibus
931 3579 1013 3638 atquo
1028 3569 1068 3619 eis
1084 3571 1248 3635 praeacutis.

269 3650 298 3697 Β.
317 3651 387 3702 Gall.
408 3650 442 3715 5,
462 3651 504 3705 14.
524 3652 630 3705 duabus
648 3657 741 3706 missis
768 3651 893 3705 subsidio
919 3648 1079 3703 cohortibus
1102 3671 1121 3703 a
1153 3651 1246 3705 Caesa·

269 3751 316 3794 ro,
335 3747 418 3807 atque
436 3735 478 3790 tis
499 3739 597 3808 primis
623 3738 764 3810 legionum
792 3737 916 3790 duarum.
952 3734 1038 3786 Prima
1068 3737 1139 3786 enim
1169 3753 1244 3804 quae-

267 3833 318 3884 que
345 3820 440 3872 cohors
465 3834 600 3892 praestare
628 3824 731 3875 solebat
753 3822 871 3890 reliquis.
906 3820 965 3872 vido
990 3820 1115 3871 Heldium
1133 3823 1167 3873 ad
1182 3821 1207 3871 h.
1226 3819 1243 3869 l.

265 3902 307 3952 Ita
326 3917 507 3978 saepemque
528 3927 560 3961 eo
580 3911 678 3979 magis.
714 3909 787 3959 taes.
807 3909 837 3957 B.
861 3906 929 3956 Gall.
949 3904 983 3973 3,
1003 3901 1045 3955 14.
1065 3903 1100 3969 5,
1121 3904 1146 3957 1.

284 4025 335 4086 12.
371 4021 409 4087 In
439 4006 514 4090 corii
541 4026 760 4107 arationibus,
792 4025 868 4110 quia
892 4048 943 4088 res
969 4024 1051 4087 duae
1074 4045 1118 4086 ex
1141 4024 1248 4110 aliqua
1276 4089 1280 4101 ‚

196 4116 291 4191 parte
307 4112 505 4199 acquipiicn
522 4101 760 4202 uisfffop'iiiin
775 4111 888 4176 sedem
905 4119 1046 4198 occupat
1060 4121 1174 4197 atque,
1192 4110 1247 4174 ubi
