2618 4770
494 361 496 365 ,
581 309 651 381 m
1027 319 1141 410 qm

111 466 253 552 cognito,
277 465 457 552 disputavit
472 463 684 530 Gernhardus
700 462 735 526 in
753 463 904 532 Excursu
921 466 962 531 ad
977 464 1143 534 Ciebael.
1173 461 1175 463 ’

112 578 139 645 p.
158 553 231 618 249.
255 573 363 638 neque
385 551 525 638 amplius
549 549 771 629 dubitabitur,
799 550 861 613 hac
886 552 1038 616 dictione'
1054 554 1143 618 anti·

116 658 244 726 quorum
258 639 461 724 scriptorum
476 637 700 723 plurimorum
721 637 906 718 communi,
927 647 1055 702 tantum
1072 661 1143 703 non

112 724 193 788 omni
209 721 380 797 dubitandi
395 723 427 785 vi
453 731 600 801 remota,
629 720 663 784 id
685 719 882 804 significari,
900 725 1002 808 ⁴quod
1028 743 1143 788 verum

116 806 291 895 etprobum
306 807 477 886 videatur,
497 805 724 892 ,affirmarique
740 827 816 869 eum
835 808 1016 871 verecunda
1031 806 1143 872 haesi·
1189 877 1190 881 ,

117 895 232 958 tatione.
276 893 387 971 Quare
409 893 638 978 explicuerunt
659 910 721 978 per
744 891 842 955 verba
857 889 1030 979 sortasse,
1064 895 1142 978 opi-

118 1001 182 1055 nor,
203 975 362 1042 arbitror.
405 977 637 1064 Atquevariae
659 983 736 1040 suut
752 999 879 1041 caussae
902 978 998 1042 huius
1020 980 1142 1061 mode7

119 1067 181 1129 stiae
197 1064 249 1128 vel
264 1059 474 1144 urbanitatis,
497 1083 578 1150 quas
601 1062 813 1127 Gernhardus
839 1063 1011 1150 diligenter
1035 1085 1142 1150 expo-

119 1147 214 1213 suitin
231 1148 420 1223 Commeat.
437 1171 472 1234 p.
490 1154 521 1215 9.
539 1159 571 1210 et
591 1147 625 1210 in
646 1145 727 1210 Exc.
746 1170 779 1233 p.
797 1149 869 1212 251.
913 1149 998 1212 Nam
1016 1149 1142 1213 acerbi-

119 1244 202 1298 tatem
216 1234 394 1297 sententiae
417 1234 545 1319 mitigat
565 1233 681 1296 Cicero
697 1232 783 1296 Laei.
801 1239 859 1313 12,
883 1233 935 1297 43.
957 1232 1046 1320 quod
1065 1235 1141 1319 qui,-

119 1318 196 1395 dan,
211 1330 315 1382 utres
333 1320 443 1404 coepit
459 1320 527 1395 ire,
548 1317 644 1382 ltazid
659 1318 746 1396 scia,
771 1336 819 1380 aa
835 1316 1022 1403 aliquando
1037 1315 1143 1406 fretir-

118 1404 255 1469 rumsit:
278 1413 386 1478 cavet,
408 1425 450 1466 ne
472 1405 599 1488 vulgari
625 1402 776 1490 opinioni
797 1403 959 1466 adversari
981 1404 1141 1482 videatur,

118 1480 304 1568 inTuscssss,
327 1491 384 1563 17,
407 1489 460 1552 41.
490 1488 624 1553 crudele
645 1485 887 1574 gladiatorum
912 1490 1141 1574 spectaculum
1211 1498 1213 1502 ‘
1249 1522 1257 1529 -

119 1575 369 1639 etinlmmanum
384 1575 555 1637 nonnullis
576 1573 685 1637 rideri
703 1572 805 1636 solet:
831 1585 867 1637 et>
882 1572 979 1637 bared
1001 1597 1071 1638 scta
1094 1598 1142 1638 aa

119 1658 229 1740 dasii,
253 1668 291 1723 ut
309 1655 466 1744 niencfit.
510 1660 552 1722 Et
566 1661 612 1721 sic
628 1659 665 1722 in
681 1657 832 1742 reliquis,
855 1658 890 1722 in
915 1660 1031 1744 quibus
1056 1680 1141 1745 pru-

120 1741 213 1808 denter
235 1745 280 1824 is,
311 1744 368 1832 qui
390 1744 556 1830 loquitur,
581 1752 703 1807 certam
719 1743 975 1807 affirmationem
999 1743 1141 1825 cohibet,

117 1847 151 1891 ne
166 1839 215 1894 aut
229 1830 311 1893 alios
328 1851 420 1893 secus
436 1837 612 1894 statuentes
628 1829 791 1909 offendat,
810 1839 866 1892 aut
880 1829 1142 1916 indignationem

116 1911 293 1981 invidiumve
309 1922 460 1996 moveat,
485 1923 541 1979 aut
555 1935 614 1978 sua
630 1914 789 1978 sententia
804 1915 944 1978 nimium
961 1915 1143 1987 discessisse
1231 1960 1249 1978 ,s

117 1996 244 2075 videatur
268 2024 286 2064 a
311 2000 437 2086 vulgari
461 2023 557 2066 more
579 2009 611 2063 et
634 1999 804 2086 opinione.
849 1999 918 2063 Cic.
939 1995 1086 2076 Tuse.'3‚
1109 2003 1140 2074 8,
1213 2012 1216 2016 ’

116 2082 233 2150 tb's'eel
248 2084 344 2149 bau-d
358 2085 427 2148 scio
446 2109 493 2149 aa
511 2097 601 2151 recte
617 2109 658 2149 ea
676 2084 780 2149 virtus
799 2082 992 2171 frugalitas
1019 2085 1123 2170 appel
1129 2106 1133 2111 ·

112 2163 172 2234 lari
180 2172 298 2256 possit.
320 2170 356 2232 in
375 2191 440 2256 quo
458 2171 535 2234 loeo
560 2152 772 2236 Gernhardub
794 2171 946 2267 Append.
971 2193 1006 2257 p.
1023 2177 1076 2234 21.
1100 2168 1142 2233 ad

109 2258 267 2339 superiora
287 2254 385 2319 verba
414 2257 484 2320 ceri
508 2255 619 2319 simile
646 2256 734 2318 illud
763 2268 813 2320 est
831 2278 1005 2342 ⁴respicere
1039 2255 1140 2337 iubet,

109 2352 182 2416 quoe
203 2341 335 2428 quidem
355 2341 478 2404 diversa
495 2351 591 2427 atque
607 2341 711 2405 aliena
728 2352 813 2404 sunt.
843 2340 1060 2426 Frequentem
1076 2342 1142 2404 im.-

109 2423 211 2490 Jrimrs
227 2448 325 2490 usum
341 2426 527 2492 observasse
551 2426 614 2490 sibi
630 2428 716 2490 visus
734 2436 783 2488 est
800 2427 1013 2489 Gernhardus
1034 2426 1070 2489 in
1089 2427 1142 2503 iis,

109 2521 181 2583 tune
196 2513 480 2598 comparationem
502 2512 695 2575 instituunt:
721 2510 819 2575 veluti
837 2512 904 2575 Cic.
923 2515 1016 2576 Verr.
1035 2517 1072 2592 1,
1091 2513 1142 2592 15,

109 2593 352 2677 '12taudsei0
372 2619 420 2660 on
433 2597 548 2660 maior
571 2599 676 2662 etiam
697 2597 782 2660 llaec
799 2597 1008 2661 necessitudo
1017 2592 1142 2682 suerit,

109 2692 198 2747 uam
222 2681 287 2746 illo
311 2680 489 2745 Carbonis.
544 2681 587 2745 Et
620 2681 666 2747 ita
694 2682 734 2745 de
761 2680 836 2746 Nat.
864 2682 896 2745 d.
923 2687 963 2762 3,
991 2688 1052 2762 27,
1073 2687 1141 2746 69.

115 2752 1196 2848 mmmmmmmmmmmmmmm.

109 2857 140 2940 :t
153 2854 238 2918 ratio
249 2863 327 2921 'non
342 2849 460 2939 inipso
477 2856 726 2952 comparatione
742 2853 926 2936 quaerenda
949 2859 1013 2933 est,
1034 2853 1143 2917 sedin

109 2939 334 3026 ignificatione
355 2940 512 3022 cuiusque
534 2938 668 3005 maioris
693 2937 745 3003 vel
768 2938 932 3002 maximae
954 2939 1023 3003 reis
1055 2938 1143 3003 Nam
1235 2940 1238 2943 ’

109 3033 235 3089 tumtur
257 3023 319 3086 hae
345 3021 510 3103 formula,
534 3023 590 3110 qui
610 3032 780 3097 verentur,
804 3045 865 3104 ne,
888 3025 1143 3108 quumsmaiora

109 3122 150 3176 ut
165 3110 313 3174 maxima
327 3118 612 3191 commemorent,
642 3109 737 3174 nimii
760 3106 841 3171 fiant
865 3118 897 3172 et
915 3110 1038 3178 iustum
1062 3132 1141 3173 mo-

109 3197 211 3261 ulum
227 3194 399 3272 excedant,
418 3215 478 3258 nec
493 3205 603 3260 tamen
621 3195 657 3260 in
673 3193 860 3258 minoribus
876 3195 1068 3260 nominibus
1084 3217 1142 3259 ac·

109 3283 262 3367 ¹uiescere
280 3287 432 3367 possunt.
609 3290 613 3301 ’
803 3310 806 3314 ·
824 3286 829 3293 “

204 3382 258 3433 Gic.
279 3380 313 3432 ud
333 3383 405 3435 Fam.
429 3376 523 3443 9,15·
549 3389 590 3432 ost
612 3378 643 3432 id
663 3389 759 3433 antem
781 3396 929 3450 nragnum,
963 3391 1048 3452 atque
1067 3377 1143 3433 land

115 3525 117 3530 ,
162 3468 249 3521 sciam
265 3485 303 3518 aa
319 3466 479 3518 maximnm.
514 3465 591 3514 Tusc.
606 3462 639 3526 3,
655 3462 707 3526 ¹23,
727 3460 769 3514 55.
795 3483 881 3537 neque
905 3473 997 3517 tamen
1009 3484 1096 3535 genus
1111 3464 1143 3519 id

122 3556 128 3566 '
164 3554 303 3620 orationis
324 3554 354 3605 in
379 3547 550 3601 consolando
572 3564 629 3599 non
650 3547 748 3601 valate
772 3549 821 3602 sed
843 3549 874 3602 id
901 3549 976 3601 hand
997 3553 1083 3602 sciam
1104 3569 1143 3602 an
1223 3611 1232 3631 ὓ

162 3637 322 3708 plurimum.
356 3629 807 3697 Liv.23‚16‚15..stoetanta,
833 3637 1005 3687 sivemrinor
1025 3636 1143 3688 victoria
1213 3675 1214 3680 ,

154 3717 237 3793 fuit,
259 3724 354 3790 ingens
372 3736 404 3771 eo
422 3717 467 3771 die
484 3734 543 3780 res,
559 3737 593 3773 aa
605 3719 696 3771 nescio
713 3739 750 3791 an
765 3722 888 3796 niarium
902 3717 953 3770 illo
969 3715 1043 3769 bello
1060 3731 1143 3789 gesta

162 3811 210 3862 sit.
246 3807 300 3858 Cic.
317 3822 344 3872 p.
358 3805 446 3856 Flacc.
460 3799 511 3866 26,
529 3799 572 3853 63.
591 3805 666 3856 enisis
684 3823 736 3876 ego
760 3805 884 3858 civitatis
907 3801 1085 3871 disciplinam
1099 3814 1143 3856 at·

162 3909 215 3964 qne
233 3892 402 3961 gravitatem
417 3905 473 3939 non
487 3884 579 3960 solnm
605 3883 758 3954 Graeciae,
784 3888 833 3942 secl
852 3885 929 3939 tana
955 3889 1022 3940 scio
1035 3889 1142 3943 cunctis

159 3973 290 4046 gentibus
304 3971 527 4045 anteponendam
544 3970 644 4024 dicam.
663 4043 664 4046 Ἴ

198 4063 265 4113 Sunt
287 4068 375 4108 tamen
395 4058 492 4122 multa,
525 4056 555 4108 in
576 4055 668 4123 quibus
690 4060 741 4105 n'on
768 4071 894 4122 agnoscas
915 4053 1088 4107 verecundiae
1109 4071 1143 4106 oe

159 4141 316 4219 prudentiae
329 4141 475 4196 cautionem
483 4179 492 4211 ,
508 4141 556 4197 sed
573 4139 890 4208 intelligsshuesitantsm
904 4139 1064 4211 opinionem,
1075 4157 1142 4210 quae
