2618 4770
128 313 195 382 cc
556 306 743 415 tamnu.

139 502 144 507 ·
208 466 299 533 Tum
310 468 594 556 ponitur'cut'em3
617 469 692 550 ubi,
713 470 769 557 qui
783 468 943 560 loquutus
962 481 1036 558 est,
1059 482 1177 537 se'non

125 565 233 634 recte,
256 562 397 617 autnon
413 555 488 618 satis
513 563 588 641 apte
607 550 1031 631 diiisire'uuimudv‘eft‘ehs,
1056 558 1177 622 oratio·

125 661 205 705 nem
220 637 352 703 cohibet
374 647 471 724 atque
494 639 651 716 intendit,
674 649 706 704 et
728 640 994 729 interrogatione
1010 644 1127 731 ipsum
1145 669 1195 729 se„

126 725 212 789 corri
235 726 270 789 it.
308 723 559 811 Epauorthosin
575 736 691 790 vocant
704 725 859 792 technici.
888 727 1015 793 Sensus
1040 738 1091 794 est
1133 729 1179 793 eid

214 861 221 874 .
272 808 338 872 uod
366 809 475 896 ipsum
494 810 625 875 additur
648 834 667 874 a
688 811 794 875 Livio.
836 812 975 877 Priffius'
992 753 1182 880 ohse‘fizd'tit
1209 852 1211 869 ι

125 878 437 965 Ηῖιῖῆὶατάἰηαίἰρ.
476 895 528 960 Cf.
545 896 682 961 Goclcn.
699 895 836 962 Obseru.
852 918 888 985 p.
904 902 960 963 96.
1005 899 1116 987 Saepe
1131 923 1178 967 se-
1209 886 1211 899 ¹

125 981 238 1066 quitur
252 981 374 1059 immo,
398 1001 495 1066 saepe
512 983 611 1048 etiam
633 983 695 1048 alia
709 983 824 1058 verbu,
854 1004 938 1070 quae
954 1005 1116 1050 caussam
1128 1008 1178 1051 re·

125 1065 326 1132 tractationis
344 1075 529 1153 exponunt.

226 1184 281 1237 cic.
300 1203 327 1252 p.
345 1184 412 1265 ltab.
436 1186 463 1238 Ρ.
489 1184 523 1257 5,
551 1184 595 1238 40.
621 1202 687 1239 num
711 1178 773 1258 quis
803 1189 882 1243 cesus
907 1185 1109 1255 Pastinumiurn
1134 1208 1178 1260 ap·

192 1267 338 1342 pellacis?
365 1273 446 1324 testis
470 1271 586 1326 auterre?
610 1291 676 1324 num
701 1273 869 1326 accusator?
893 1273 960 1327 Plin.
984 1275 1055 1328 Pan.
1079 1271 1131 1340 28,
1154 1274 1178 1327 1.

192 1354 253 1409 aiio
276 1372 319 1408 me
334 1364 418 1433 vocas
436 1373 581 1409 nunaerosa
601 1354 697 1427 gioria
715 1366 772 1409 tua.
789 1356 849 1429 alic
869 1357 988 1411 autem?
1016 1361 1102 1432 quasi
1117 1376 1176 1413 uero

193 1443 252 1494 iam
271 1440 342 1492 satis
360 1451 506 1493 veneratus
525 1444 579 1496 sim
594 1448 650 1493 etc.
681 1441 736 1493 Cic.
754 1441 789 1493 ud
807 1445 862 1493 att.
880 1439 906 1506 5,
926 1441 969 1495 13.
989 1445 1018 1495 si
1036 1441 1176 1515 inteiligit,

195 1542 278 1597 quam
293 1541 382 1576 meum
400 1525 436 1577 sit
454 1529 523 1579 scire
545 1536 573 1580 es
595 1545 706 1590 meare,
729 1525 797 1598 quid
821 1530 850 1580 in
873 1523 1022 1598 republica
1038 1525 1108 1596 fiat.
1123 1525 1176 1597 fias

193 1607 309 1664 amens?
327 1610 411 1662 immo
429 1612 601 1664 vacceiam
621 1604 689 1682 quid
699 1606 835 1680 futurum
852 1614 907 1675 sit,
918 1609 1070 1680 perscribe
1086 1611 1126 1665 ad
1138 1629 1174 1664 uc

112 1704 115 1723 ¹
192 1697 296 1750 omnia.
330 1693 364 1759 6,
388 1693 414 1746 ἲ.
441 1693 508 1766 quid
527 1693 641 1748 tandem
665 1694 811 1749 isti'mali
830 1698 861 1749 in
882 1705 942 1747 tam
965 1706 1066 1751 tenera
1091 1695 1173 1748 insuia

191 1794 251 1837 uon
262 1775 423 1850 fecissent?
442 1797 499 1831 non
508 1774 650 1847 fecissent
666 1782 782 1834 autem?
800 1783 885 1834 immo
904 1778 974 1854 quid
988 1792 1061 1835 ante
1078 1780 1172 1835 aduen-

195 1877 255 1920 tum
273 1885 363 1920 meum
383 1882 440 1917 non
452 1858 609 1934 fecerunt?
626 1864 660 1928 7,
679 1865 704 1922 1.
721 1865 790 1917 med.

239 1969 297 2022 Liv.
317 1969 367 2033 21,
391 1965 441 2034 44,
469 1967 495 2019 7.
520 1984 620 2036 parum
645 1977 704 2031 est,
729 1967 807 2039 quod
829 1971 994 2022 veterrimas
1015 1971 1169 2044 prouincias

194 2060 271 2109 meas
291 2054 416 2110 Siciliam
441 2061 469 2106 et
497 2050 658 2121 §sardiniam
681 2051 801 2117 adimis,
830 2054 915 2108 etiam
943 2055 1123 2124 Hispanias?
1146 2063 1169 2108 st

195 2140 261 2197 inde
287 2157 408 2201 cessero,
434 2137 463 2188 in
482 2132 613 2205 Africam
642 2136 827 2192 transcendes.
874 2133 1071 2195 Transcendes
1088 2150 1170 2192 auten

193 2225 257 2280 dico
268 2226 284 2276 ?
295 2224 372 2277 duos
392 2219 517 2276 consules
534 2219 617 2277 huius
635 2227 703 2278 anni
721 2250 755 2266 -·
772 2225 913 2279 miserunt.
948 2227 991 2276 Itu
1011 2225 1116 2278 sanavit
1131 2225 1167 2276 lo·

176 2311 254 2362 'cum
275 2299 432 2361 Gronovius.

208 2409 336 2475 Deinde
359 2406 537 2497 particulae
564 2405 657 2473 locus
689 2406 963 2495 datur‚'quaudo
985 2404 1167 2496 iuterroga-

125 2496 217 2560 tione
242 2495 435 2582 interposita
461 2495 696 2560 accuratiorem
719 2493 1021 2560 considerationem
1046 2498 1082 2561 in
1104 2516 1168 2560 rem

128 2580 250 2647 dictam
265 2581 476 2646 intendimus.

229 2682 283 2736 Cic.
300 2683 329 2734 in
346 2683 396 2735 Pis.
412 2681 464 2746 37,
484 2679 528 2733 91.
545 2679 653 2735 nobiles
677 2678 757 2736 urbes
784 2692 870 2754 atque
886 2681 990 2752 plenas
1010 2679 1122 2753 fateris
1137 2680 1168 2736 ah

194 2767 323 2835 hostibus
350 2785 408 2821 esse
433 2777 540 2837 captas.
574 2764 674 2838 casibus
700 2777 793 2820 autem
823 2764 974 2820 hostibus?
1003 2788 1105 2839 nempe
1128 2771 1167 2829 iis,

198 2857 247 2928 qui
267 2862 317 2910 ete.
343 2870 409 2926 queo
428 2850 558 2924 quomodo
575 2852 607 2903 ab
626 2852 745 2921 exemplo
762 2852 839 2902 Tusc.
856 2847 889 2916 4,
906 2850 932 2904 ἓ.
960 2870 1043 2922 supra
1069 2873 1096 2923 p.
1113 2850 1168 2905 562.

82 3004 85 3009 y
200 2941 441 3006 custodituram,
466 2948 559 3009 sponte
575 2947 657 3008 patet.

99 3089 102 3093 .
206 3025 313 3089 Porro
330 3025 412 3090 duae
426 3024 700 3107 interrogationes
716 3042 776 3107 per
794 3031 908 3085 cratem
923 3031 1103 3110 ponuntur
1116 3018 1169 3085 ad-

124 3126 257 3186 versae,
279 3121 333 3191 ut,
354 3132 437 3198 quae
452 3108 633 3172 secuudum
650 3108 760 3170 locum
782 3106 927 3184 obtinet,
951 3106 1092 3174 alteram
1107 3105 1170 3170 tol·

123 3198 194 3265 lere
207 3195 372 3276 videatur,
395 3195 485 3282 quod
501 3194 578 3258 alias
596 3216 656 3281 per
675 3215 721 3256 au
739 3191 949 3276 exprimitur.

238 3298 293 3350 cic.
310 3298 339 3348 iu
355 3301 432 3352 Verr.
449 3297 482 3362 3,
502 3292 552 3358 89,
571 3294 632 3359 208.
658 3312 705 3347 eur
724 3310 781 3347 non
802 3297 831 3346 iu
850 3292 941 3348 media
960 3295 1091 3347 oratione
1114 3310 1170 3344 mea

194 3383 361 3452 consurgitis
384 3392 466 3450 atque
485 3372 648 3434 disceditis?
676 3379 769 3434 Vultis
789 3390 882 3433 autem
903 3379 1021 3431 istorum
1040 3376 1172 3430 audacias

192 3487 227 3521 ac
253 3465 383 3521 libidines
406 3465 505 3534 aliqua
531 3483 565 3520 ex
588 3474 669 3535 parte
694 3483 822 3519 resecare.
873 3462 1002 3519 Desinite
1036 3461 1171 3527 dubitare,

183 3561 285 3605 utrum
310 3562 360 3603 etc.
393 3570 420 3621 p.
447 3552 549 3602 cluent.
571 3548 623 3613 60,
649 3547 709 3600 167.
741 3548 808 3621 quid
827 3565 956 3621 umquam
973 3547 1081 3604 Avitus
1099 3552 1129 3603 in
1145 3563 1173 3603 ss
1207 3553 1211 3557 ’

194 3635 327 3700 admisit,
357 3648 388 3689 ut
406 3635 458 3688 hoc
476 3646 584 3687 tantum
601 3631 638 3688 ab
656 3651 688 3686 eo
701 3627 819 3702 facinus
836 3651 893 3686 non
911 3631 1062 3686 abhorrere
1080 3632 1172 3695 eides,-

192 3721 259 3773 tur?
279 3720 346 3792 quid
363 3732 456 3775 autem
475 3738 577 3792 magno
596 3737 681 3789 opere
703 3717 892 3788 Oppianicum
910 3715 1078 3771 usetueirat?

204 3803 355 3891 Denique
371 3805 417 3880 is,
441 3807 497 3892 qui
520 3803 608 3870 aliud
633 3800 834 3889 opponendo
852 3800 1069 3888 reprehendit
1086 3824 1170 3874 eum,

123 3888 181 3976 qui
199 3898 290 3953 antea
305 3889 463 3974 loquutus
484 3902 549 3972 est,
569 3888 620 3956 vel
644 3911 680 3952 se
700 3889 831 3975 ipsum,
852 3886 914 3952 huc
935 3887 1171 3977 interrogatio·

123 3975 174 4040 nis
188 3973 299 4040 forma
313 3976 427 4040 utitur.
871 3992 873 3995 ’

225 4077 307 4128 Plaut.
327 4074 405 4128 Troe.
425 4073 460 4143 3,
479 4075 506 4140 t,
522 4069 566 4128 27.
596 4076 639 4126 Sr.
660 4071 712 4127 heu
729 4067 832 4142 edepol
852 4067 1117 4138 hominem'niiriiis
1131 4077 1171 4126 As.

193 4181 265 4220 anne
282 4172 375 4220 autem
391 4166 423 4215 u't
436 4158 531 4215 soles?
558 4160 697 4214 Lambinus
716 4168 803 4213 recte:
833 4161 866 4211 au
890 4156 962 4210 redis
982 4156 1017 4210 ad
1035 4150 1171 4229 ingenium
