<?xml version="1.0" encoding="UTF-8"?>
<!DOCTYPE html PUBLIC "-//W3C//DTD XHTML 1.0 Transitional//EN"
    "http://www.w3.org/TR/xhtml1/DTD/xhtml1-transitional.dtd">
<html xmlns="http://www.w3.org/1999/xhtml" xml:lang="en" lang="en">
 <head>
  <title>
</title>
<meta http-equiv="Content-Type" content="text/html;charset=utf-8" />
  <meta name='ocr-system' content='tesseract 3.04.00' />
  <meta name='ocr-capabilities' content='ocr_page ocr_carea ocr_par ocr_line ocrx_word'/>
</head>
<body>
  <div class='ocr_page' id='page_1' title='image "./tursellinusseud03handgoog_0410.png"; bbox 0 0 2618 4770; ppageno 0'>
   <div class='ocr_carea' id='block_1_1' title="bbox 520 80 1139 185">
    <p class='ocr_par' dir='ltr' id='par_1_1' title="bbox 520 80 1139 185">
     <span class='ocr_line' id='line_1_1' title="bbox 520 80 1139 185; baseline 0.015 -10"><span class='ocrx_word' id='word_1_1' title='bbox 520 80 680 176; x_wconf 77' lang='lat' dir='ltr'>surae.</span> <span class='ocrx_word' id='word_1_2' title='bbox 901 152 904 156; x_wconf 82' lang='lat'><em>-</em></span> <span class='ocrx_word' id='word_1_3' title='bbox 1069 121 1139 185; x_wconf 80' lang='lat' dir='ltr'>sor</span> 
     </span>
    </p>
   </div>
   <div class='ocr_carea' id='block_1_2' title="bbox 10 259 1216 2574">
    <p class='ocr_par' dir='ltr' id='par_1_2' title="bbox 10 259 1216 2574">
     <span class='ocr_line' id='line_1_2' title="bbox 74 259 1164 371; baseline 0.004 -41"><span class='ocrx_word' id='word_1_4' title='bbox 74 259 232 352; x_wconf 79' lang='lat' dir='ltr'>telligitur</span> <span class='ocrx_word' id='word_1_5' title='bbox 247 273 358 328; x_wconf 82' lang='lat' dir='ltr'>autem</span> <span class='ocrx_word' id='word_1_6' title='bbox 382 264 621 371; x_wconf 74' lang='lat' dir='ltr'>quodcumque·</span> <span class='ocrx_word' id='word_1_7' title='bbox 640 275 774 354; x_wconf 81' lang='lat' dir='ltr'>tempas</span> <span class='ocrx_word' id='word_1_8' title='bbox 798 266 1128 355; x_wconf 80' lang='lat' dir='ltr'>antecedens,‘quod</span> <span class='ocrx_word' id='word_1_9' title='bbox 1152 324 1164 343; x_wconf 85' lang='grc'>,,</span> 
     </span>
     <span class='ocr_line' id='line_1_3' title="bbox 58 347 1128 443; baseline 0.005 -29"><span class='ocrx_word' id='word_1_10' title='bbox 58 360 125 423; x_wconf 74' lang='lat' dir='ltr'>¹cet</span> <span class='ocrx_word' id='word_1_11' title='bbox 140 349 190 415; x_wconf 79' lang='lat' dir='ltr'>rel</span> <span class='ocrx_word' id='word_1_12' title='bbox 205 350 318 437; x_wconf 86' lang='lat' dir='ltr'>prius,</span> <span class='ocrx_word' id='word_1_13' title='bbox 342 371 507 434; x_wconf 68' lang='grc' dir='ltr'><strong><em>προτερον,</em></strong></span> <span class='ocrx_word' id='word_1_14' title='bbox 537 353 588 416; x_wconf 89' lang='lat' dir='ltr'>vel</span> <span class='ocrx_word' id='word_1_15' title='bbox 604 352 706 434; x_wconf 88' lang='lat' dir='ltr'>olim,</span> <span class='ocrx_word' id='word_1_16' title='bbox 725 347 834 415; x_wconf 75' lang='lat' dir='ltr'>ailae:</span> <span class='ocrx_word' id='word_1_17' title='bbox 857 375 935 418; x_wconf 89' lang='lat' dir='ltr'>nam</span> <span class='ocrx_word' id='word_1_18' title='bbox 952 377 1128 443; x_wconf 80' lang='lat' dir='ltr'>compars-</span> 
     </span>
     <span class='ocr_line' id='line_1_4' title="bbox 10 409 1127 524; baseline 0.006 -25"><span class='ocrx_word' id='word_1_19' title='bbox 10 409 27 504; x_wconf 70' lang='lat'>².</span> <span class='ocrx_word' id='word_1_20' title='bbox 50 474 56 481; x_wconf 95' lang='lat'>-</span> <span class='ocrx_word' id='word_1_21' title='bbox 77 434 127 499; x_wconf 87' lang='lat' dir='ltr'>tio</span> <span class='ocrx_word' id='word_1_22' title='bbox 148 435 332 501; x_wconf 75' lang='lat' dir='ltr'>instituitur</span> <span class='ocrx_word' id='word_1_23' title='bbox 357 447 414 499; x_wconf 85' lang='lat' dir='ltr'>out</span> <span class='ocrx_word' id='word_1_24' title='bbox 438 438 526 500; x_wconf 82' lang='lat' dir='ltr'>inter</span> <span class='ocrx_word' id='word_1_25' title='bbox 545 439 623 502; x_wconf 89' lang='lat' dir='ltr'>duas</span> <span class='ocrx_word' id='word_1_26' title='bbox 646 461 699 502; x_wconf 90' lang='lat' dir='ltr'>res</span> <span class='ocrx_word' id='word_1_27' title='bbox 722 438 934 524; x_wconf 83' lang='lat' dir='ltr'>praeteritos,</span> <span class='ocrx_word' id='word_1_28' title='bbox 969 451 1026 503; x_wconf 88' lang='lat' dir='ltr'>aut</span> <span class='ocrx_word' id='word_1_29' title='bbox 1049 462 1127 506; x_wconf 88' lang='lat' dir='ltr'>cum</span> 
     </span>
     <span class='ocr_line' id='line_1_5' title="bbox 55 523 1126 611; baseline 0.005 -27"><span class='ocrx_word' id='word_1_30' title='bbox 55 531 229 610; x_wconf 79' lang='lat' dir='ltr'>¹tempore</span> <span class='ocrx_word' id='word_1_31' title='bbox 246 533 431 609; x_wconf 80' lang='lat' dir='ltr'>praesente.</span> <span class='ocrx_word' id='word_1_32' title='bbox 474 526 660 611; x_wconf 85' lang='lat' dir='ltr'>Vtrumque</span> <span class='ocrx_word' id='word_1_33' title='bbox 684 545 753 587; x_wconf 90' lang='lat' dir='ltr'>uno</span> <span class='ocrx_word' id='word_1_34' title='bbox 773 523 879 587; x_wconf 91' lang='lat' dir='ltr'>modo</span> <span class='ocrx_word' id='word_1_35' title='bbox 896 524 995 589; x_wconf 82' lang='lat' dir='ltr'>latine</span> <span class='ocrx_word' id='word_1_36' title='bbox 1012 546 1052 589; x_wconf 85' lang='lat' dir='ltr'>ex</span> <span class='ocrx_word' id='word_1_37' title='bbox 1078 528 1126 590; x_wconf 91' lang='lat' dir='ltr'>ri-</span> 
     </span>
     <span class='ocr_line' id='line_1_6' title="bbox 77 549 1124 696; baseline 0.008 -25"><span class='ocrx_word' id='word_1_38' title='bbox 77 606 192 673; x_wconf 84' lang='lat' dir='ltr'>mitur:</span> <span class='ocrx_word' id='word_1_39' title='bbox 234 629 298 672; x_wconf 86' lang='lat' dir='ltr'>nos</span> <span class='ocrx_word' id='word_1_40' title='bbox 329 607 559 696; x_wconf 75' lang='lat' dir='ltr'>distinguimus</span> <span class='ocrx_word' id='word_1_41' title='bbox 582 609 743 675; x_wconf 81' lang='lat' dir='ltr'>vocabula</span> <span class='ocrx_word' id='word_1_42' title='bbox 774 609 892 673; x_wconf 76' lang='lat' dir='ltr'>verber</span> <span class='ocrx_word' id='word_1_43' title='bbox 914 620 947 674; x_wconf 85' lang='lat' dir='ltr'>et</span> <span class='ocrx_word' id='word_1_44' title='bbox 969 549 1124 679; x_wconf 61' lang='lat' dir='ltr'>saalim.</span> 
     </span>
     <span class='ocr_line' id='line_1_7' title="bbox 80 692 1124 773; baseline 0.006 -17"><span class='ocrx_word' id='word_1_45' title='bbox 80 692 156 773; x_wconf 84' lang='lat' dir='ltr'>Quo</span> <span class='ocrx_word' id='word_1_46' title='bbox 173 692 303 757; x_wconf 83' lang='lat' dir='ltr'>differat</span> <span class='ocrx_word' id='word_1_47' title='bbox 320 705 426 757; x_wconf 82' lang='lat' dir='ltr'>antea</span> <span class='ocrx_word' id='word_1_48' title='bbox 442 695 481 758; x_wconf 84' lang='lat' dir='ltr'>ab</span> <span class='ocrx_word' id='word_1_49' title='bbox 500 707 591 773; x_wconf 81' lang='lat' dir='ltr'>ante,</span> <span class='ocrx_word' id='word_1_50' title='bbox 614 708 702 759; x_wconf 83' lang='lat' dir='ltr'>certa</span> <span class='ocrx_word' id='word_1_51' title='bbox 718 693 866 758; x_wconf 86' lang='lat' dir='ltr'>formula</span> <span class='ocrx_word' id='word_1_52' title='bbox 884 697 1041 760; x_wconf 86' lang='lat' dir='ltr'>constitui</span> <span class='ocrx_word' id='word_1_53' title='bbox 1067 698 1124 762; x_wconf 85' lang='lat' dir='ltr'>vix</span> 
     </span>
     <span class='ocr_line' id='line_1_8' title="bbox 54 777 1150 869; baseline 0.007 -29"><span class='ocrx_word' id='word_1_54' title='bbox 54 780 57 785; x_wconf 82' lang='lat'>&#39;</span> <span class='ocrx_word' id='word_1_55' title='bbox 75 789 194 865; x_wconf 83' lang='lat' dir='ltr'>potest.</span> <span class='ocrx_word' id='word_1_56' title='bbox 240 777 392 843; x_wconf 86' lang='lat' dir='ltr'>Graviori</span> <span class='ocrx_word' id='word_1_57' title='bbox 411 790 443 843; x_wconf 88' lang='lat' dir='ltr'>et</span> <span class='ocrx_word' id='word_1_58' title='bbox 458 780 602 869; x_wconf 85' lang='lat' dir='ltr'>pleniori</span> <span class='ocrx_word' id='word_1_59' title='bbox 622 803 708 845; x_wconf 90' lang='lat' dir='ltr'>sono</span> <span class='ocrx_word' id='word_1_60' title='bbox 726 780 870 867; x_wconf 85' lang='lat' dir='ltr'>exprimi</span> <span class='ocrx_word' id='word_1_61' title='bbox 893 791 1042 868; x_wconf 85' lang='lat' dir='ltr'>poterat,</span> <span class='ocrx_word' id='word_1_62' title='bbox 1066 782 1124 848; x_wconf 90' lang='lat' dir='ltr'>ubi</span> <span class='ocrx_word' id='word_1_63' title='bbox 1145 844 1150 848; x_wconf 71' lang='grc'>,</span> 
     </span>
     <span class='ocr_line' id='line_1_9' title="bbox 10 864 1124 951; baseline 0.004 -23"><span class='ocrx_word' id='word_1_64' title='bbox 10 866 12 879; x_wconf 82' lang='lat'><em>&#39;</em></span> <span class='ocrx_word' id='word_1_65' title='bbox 60 864 106 928; x_wconf 66' lang='lat' dir='ltr'>ei</span> <span class='ocrx_word' id='word_1_66' title='bbox 123 865 214 929; x_wconf 88' lang='lat' dir='ltr'>locus</span> <span class='ocrx_word' id='word_1_67' title='bbox 231 874 318 939; x_wconf 80' lang='lat' dir='ltr'>erat,</span> <span class='ocrx_word' id='word_1_68' title='bbox 339 866 474 951; x_wconf 83' lang='lat' dir='ltr'>gravior</span> <span class='ocrx_word' id='word_1_69' title='bbox 490 888 623 930; x_wconf 84' lang='lat' dir='ltr'>sensns:</span> <span class='ocrx_word' id='word_1_70' title='bbox 648 878 681 931; x_wconf 83' lang='lat' dir='ltr'>ct</span> <span class='ocrx_word' id='word_1_71' title='bbox 704 865 876 930; x_wconf 88' lang='lat' dir='ltr'>universus</span> <span class='ocrx_word' id='word_1_72' title='bbox 896 887 973 930; x_wconf 90' lang='lat' dir='ltr'>usus</span> <span class='ocrx_word' id='word_1_73' title='bbox 996 867 1124 933; x_wconf 85' lang='lat' dir='ltr'>nullam</span> 
     </span>
     <span class='ocr_line' id='line_1_10' title="bbox 40 949 1123 1051; baseline 0.007 -41"><span class='ocrx_word' id='word_1_74' title='bbox 40 994 46 1005; x_wconf 84' lang='lat'>.</span> <span class='ocrx_word' id='word_1_75' title='bbox 75 949 140 1015; x_wconf 87' lang='lat' dir='ltr'>sibi</span> <span class='ocrx_word' id='word_1_76' title='bbox 152 951 346 1051; x_wconf 79' lang='lat' dir='ltr'>impositam</span> <span class='ocrx_word' id='word_1_77' title='bbox 361 949 503 1016; x_wconf 84' lang='lat' dir='ltr'>habebat</span> <span class='ocrx_word' id='word_1_78' title='bbox 518 952 643 1040; x_wconf 85' lang='lat' dir='ltr'>legem,</span> <span class='ocrx_word' id='word_1_79' title='bbox 659 975 701 1016; x_wconf 89' lang='lat' dir='ltr'>ne</span> <span class='ocrx_word' id='word_1_80' title='bbox 715 953 750 1016; x_wconf 90' lang='lat' dir='ltr'>in</span> <span class='ocrx_word' id='word_1_81' title='bbox 766 951 970 1016; x_wconf 87' lang='lat' dir='ltr'>solemnibus</span> <span class='ocrx_word' id='word_1_82' title='bbox 987 953 1123 1039; x_wconf 87' lang='lat' dir='ltr'>quidem</span> 
     </span>
     <span class='ocr_line' id='line_1_11' title="bbox 36 1033 374 1102; baseline -0.015 0"><span class='ocrx_word' id='word_1_83' title='bbox 36 1080 40 1085; x_wconf 93' lang='lat'><em>-</em></span> <span class='ocrx_word' id='word_1_84' title='bbox 73 1033 283 1102; x_wconf 78' lang='lat' dir='ltr'>dictionibus.</span> <span class='ocrx_word' id='word_1_85' title='bbox 373 1079 374 1082; x_wconf 19' lang='grc' dir='ltr'><strong>κ</strong></span> 
     </span>
     <span class='ocr_line' id='line_1_12' title="bbox 10 1128 1123 1209; baseline 0 -19"><span class='ocrx_word' id='word_1_86' title='bbox 10 1128 14 1143; x_wconf 74' lang='grc'><strong>’</strong></span> <span class='ocrx_word' id='word_1_87' title='bbox 184 1139 278 1191; x_wconf 88' lang='lat' dir='ltr'>Cicero</span> <span class='ocrx_word' id='word_1_88' title='bbox 295 1155 374 1209; x_wconf 88' lang='lat' dir='ltr'>quum</span> <span class='ocrx_word' id='word_1_89' title='bbox 392 1136 503 1189; x_wconf 81' lang='lat' dir='ltr'>dixisset</span> <span class='ocrx_word' id='word_1_90' title='bbox 522 1148 624 1202; x_wconf 84' lang='lat' dir='ltr'>antea,</span> <span class='ocrx_word' id='word_1_91' title='bbox 641 1147 672 1189; x_wconf 85' lang='lat' dir='ltr'>ut</span> <span class='ocrx_word' id='word_1_92' title='bbox 686 1148 756 1191; x_wconf 85' lang='lat' dir='ltr'>esset</span> <span class='ocrx_word' id='word_1_93' title='bbox 773 1141 869 1208; x_wconf 84' lang='lat' dir='ltr'>prins,</span> <span class='ocrx_word' id='word_1_94' title='bbox 880 1135 1001 1207; x_wconf 75' lang='lat' dir='ltr'>frairer,</span> <span class='ocrx_word' id='word_1_95' title='bbox 1020 1139 1053 1190; x_wconf 83' lang='lat' dir='ltr'>ab</span> <span class='ocrx_word' id='word_1_96' title='bbox 1072 1142 1123 1190; x_wconf 80' lang='lat' dir='ltr'>At-</span> 
     </span>
     <span class='ocr_line' id='line_1_13' title="bbox 103 1221 1125 1295; baseline 0 -18"><span class='ocrx_word' id='word_1_97' title='bbox 103 1226 106 1233; x_wconf 86' lang='lat'>&#39;</span> <span class='ocrx_word' id='word_1_98' title='bbox 138 1223 196 1278; x_wconf 81' lang='lat' dir='ltr'>tico</span> <span class='ocrx_word' id='word_1_99' title='bbox 216 1223 391 1293; x_wconf 85' lang='lat' dir='ltr'>reprehensus</span> <span class='ocrx_word' id='word_1_100' title='bbox 418 1223 506 1293; x_wconf 86' lang='lat' dir='ltr'>lepide</span> <span class='ocrx_word' id='word_1_101' title='bbox 526 1223 630 1276; x_wconf 88' lang='lat' dir='ltr'>iocatur</span> <span class='ocrx_word' id='word_1_102' title='bbox 650 1223 678 1274; x_wconf 91' lang='lat' dir='ltr'>in</span> <span class='ocrx_word' id='word_1_103' title='bbox 700 1224 784 1292; x_wconf 86' lang='lat' dir='ltr'>Epist.</span> <span class='ocrx_word' id='word_1_104' title='bbox 807 1221 855 1290; x_wconf 87' lang='lat'>15,</span> <span class='ocrx_word' id='word_1_105' title='bbox 878 1222 920 1276; x_wconf 83' lang='lat'>13.</span> <span class='ocrx_word' id='word_1_106' title='bbox 945 1222 1021 1295; x_wconf 78' lang='lat' dir='ltr'>qaod</span> <span class='ocrx_word' id='word_1_107' title='bbox 1040 1223 1125 1278; x_wconf 78' lang='lat' dir='ltr'>acite</span> 
     </span>
     <span class='ocr_line' id='line_1_14' title="bbox 37 1308 1124 1380; baseline -0.003 -17"><span class='ocrx_word' id='word_1_108' title='bbox 37 1320 43 1329; x_wconf 91' lang='grc'><em>“</em></span> <span class='ocrx_word' id='word_1_109' title='bbox 138 1319 269 1374; x_wconf 82' lang='lat' dir='ltr'>antea,</span> <span class='ocrx_word' id='word_1_110' title='bbox 300 1309 473 1379; x_wconf 84' lang='lat' dir='ltr'>atqueadeo</span> <span class='ocrx_word' id='word_1_111' title='bbox 499 1311 605 1380; x_wconf 79' lang='lat' dir='ltr'>prius</span> <span class='ocrx_word' id='word_1_112' title='bbox 631 1309 732 1379; x_wconf 78' lang='lat' dir='ltr'>scripsi</span> <span class='ocrx_word' id='word_1_113' title='bbox 758 1310 817 1376; x_wconf 85' lang='lat' dir='ltr'>(sic</span> <span class='ocrx_word' id='word_1_114' title='bbox 835 1310 908 1362; x_wconf 83' lang='lat' dir='ltr'>enim</span> <span class='ocrx_word' id='word_1_115' title='bbox 931 1308 1056 1374; x_wconf 79' lang='lat' dir='ltr'>mavis),</span> <span class='ocrx_word' id='word_1_116' title='bbox 1084 1308 1124 1360; x_wconf 81' lang='lat' dir='ltr'>ad</span> 
     </span>
     <span class='ocr_line' id='line_1_15' title="bbox 20 1388 1123 1463; baseline -0.003 -14"><span class='ocrx_word' id='word_1_117' title='bbox 20 1442 23 1449; x_wconf 95' lang='lat'>.</span> <span class='ocrx_word' id='word_1_118' title='bbox 52 1412 56 1417; x_wconf 86' lang='lat'>·</span> <span class='ocrx_word' id='word_1_119' title='bbox 138 1391 312 1450; x_wconf 81' lang='lat' dir='ltr'>scribendam</span> <span class='ocrx_word' id='word_1_120' title='bbox 339 1393 412 1459; x_wconf 83' lang='lat' dir='ltr'>(tibi</span> <span class='ocrx_word' id='word_1_121' title='bbox 437 1413 501 1450; x_wconf 84' lang='lat' dir='ltr'>vere</span> <span class='ocrx_word' id='word_1_122' title='bbox 529 1391 674 1459; x_wconf 82' lang='lat' dir='ltr'>dicere&#39;st)</span> <span class='ocrx_word' id='word_1_123' title='bbox 696 1388 801 1463; x_wconf 82' lang='lat' dir='ltr'>fecisti</span> <span class='ocrx_word' id='word_1_124' title='bbox 832 1411 884 1448; x_wconf 85' lang='lat' dir='ltr'>me</span> <span class='ocrx_word' id='word_1_125' title='bbox 899 1397 1041 1448; x_wconf 86' lang='lat' dir='ltr'>acriorem.</span> <span class='ocrx_word' id='word_1_126' title='bbox 1083 1397 1123 1447; x_wconf 90' lang='lat' dir='ltr'>lta</span> 
     </span>
     <span class='ocr_line' id='line_1_16' title="bbox 25 1477 1122 1548; baseline -0.003 -16"><span class='ocrx_word' id='word_1_127' title='bbox 25 1510 31 1517; x_wconf 96' lang='lat'>·</span> <span class='ocrx_word' id='word_1_128' title='bbox 129 1480 210 1532; x_wconf 83' lang='lat' dir='ltr'>‘enim</span> <span class='ocrx_word' id='word_1_129' title='bbox 232 1477 371 1546; x_wconf 87' lang='lat' dir='ltr'>legendum</span> <span class='ocrx_word' id='word_1_130' title='bbox 388 1478 509 1541; x_wconf 87' lang='lat' dir='ltr'>videtur,</span> <span class='ocrx_word' id='word_1_131' title='bbox 538 1480 611 1548; x_wconf 91' lang='lat' dir='ltr'>quod</span> <span class='ocrx_word' id='word_1_132' title='bbox 633 1479 770 1548; x_wconf 71' lang='lat' dir='ltr'>epistolari</span> <span class='ocrx_word' id='word_1_133' title='bbox 799 1481 861 1532; x_wconf 88' lang='lat' dir='ltr'>stilo</span> <span class='ocrx_word' id='word_1_134' title='bbox 893 1480 1028 1534; x_wconf 83' lang='lat' dir='ltr'>Ciceronis</span> <span class='ocrx_word' id='word_1_135' title='bbox 1054 1497 1122 1535; x_wconf 86' lang='lat' dir='ltr'>con-</span> 
     </span>
     <span class='ocr_line' id='line_1_17' title="bbox 10 1563 1123 1631; baseline 0 -18"><span class='ocrx_word' id='word_1_136' title='bbox 10 1606 35 1631; x_wconf 49' lang='lat'>.·</span> <span class='ocrx_word' id='word_1_137' title='bbox 135 1566 225 1619; x_wconf 79' lang='lat' dir='ltr'>venit:</span> <span class='ocrx_word' id='word_1_138' title='bbox 247 1565 396 1617; x_wconf 84' lang='lat' dir='ltr'>Gronovius</span> <span class='ocrx_word' id='word_1_139' title='bbox 414 1566 539 1617; x_wconf 80' lang='lat' dir='ltr'>audacter</span> <span class='ocrx_word' id='word_1_140' title='bbox 557 1565 673 1616; x_wconf 83' lang='lat' dir='ltr'>correxit</span> <span class='ocrx_word' id='word_1_141' title='bbox 692 1563 744 1618; x_wconf 80' lang='lat' dir='ltr'>tilri</span> <span class='ocrx_word' id='word_1_142' title='bbox 770 1568 840 1619; x_wconf 81' lang='lat' dir='ltr'>itero</span> <span class='ocrx_word' id='word_1_143' title='bbox 869 1564 975 1629; x_wconf 80' lang='lat' dir='ltr'>dicere,</span> <span class='ocrx_word' id='word_1_144' title='bbox 1000 1565 1123 1616; x_wconf 86' lang='lat' dir='ltr'>audacius</span> 
     </span>
     <span class='ocr_line' id='line_1_18' title="bbox 136 1646 1216 1720; baseline -0.001 -18"><span class='ocrx_word' id='word_1_145' title='bbox 136 1651 217 1704; x_wconf 55' lang='lat' dir='ltr'>marn</span> <span class='ocrx_word' id='word_1_146' title='bbox 239 1648 376 1701; x_wconf 79' lang='lat' dir='ltr'>Sohiitzias</span> <span class='ocrx_word' id='word_1_147' title='bbox 405 1660 436 1701; x_wconf 84' lang='lat' dir='ltr'>ta</span> <span class='ocrx_word' id='word_1_148' title='bbox 460 1669 527 1706; x_wconf 84' lang='lat' dir='ltr'>vero</span> <span class='ocrx_word' id='word_1_149' title='bbox 548 1649 588 1702; x_wconf 83' lang='lat' dir='ltr'>ad</span> <span class='ocrx_word' id='word_1_150' title='bbox 614 1647 789 1703; x_wconf 85' lang='lat' dir='ltr'>scribendam</span> <span class='ocrx_word' id='word_1_151' title='bbox 807 1646 919 1720; x_wconf 75' lang='lat' dir='ltr'>fecisti.</span> <span class='ocrx_word' id='word_1_152' title='bbox 963 1650 1123 1718; x_wconf 83' lang='lat' dir='ltr'>Simpliciter</span> <span class='ocrx_word' id='word_1_153' title='bbox 1212 1700 1216 1705; x_wconf 87' lang='grc'><em>,</em></span> 
     </span>
     <span class='ocr_line' id='line_1_19' title="bbox 137 1733 1123 1807; baseline 0.003 -20"><span class='ocrx_word' id='word_1_154' title='bbox 137 1753 190 1806; x_wconf 85' lang='lat' dir='ltr'>pro</span> <span class='ocrx_word' id='word_1_155' title='bbox 206 1743 275 1786; x_wconf 87' lang='lat' dir='ltr'>ante</span> <span class='ocrx_word' id='word_1_156' title='bbox 290 1734 337 1786; x_wconf 81' lang='lat' dir='ltr'>oie</span> <span class='ocrx_word' id='word_1_157' title='bbox 366 1735 398 1787; x_wconf 89' lang='lat' dir='ltr'>de</span> <span class='ocrx_word' id='word_1_158' title='bbox 416 1737 575 1807; x_wconf 77' lang='lat' dir='ltr'>chcMan.</span> <span class='ocrx_word' id='word_1_159' title='bbox 593 1733 619 1798; x_wconf 88' lang='grc'>6,</span> <span class='ocrx_word' id='word_1_160' title='bbox 640 1733 682 1789; x_wconf 87' lang='lat'>16.</span> <span class='ocrx_word' id='word_1_161' title='bbox 700 1747 731 1788; x_wconf 83' lang='lat' dir='ltr'>at</span> <span class='ocrx_word' id='word_1_162' title='bbox 747 1747 833 1790; x_wconf 87' lang='lat' dir='ltr'>antea</span> <span class='ocrx_word' id='word_1_163' title='bbox 852 1736 922 1791; x_wconf 77' lang='lat' dir='ltr'>dixi.</span> <span class='ocrx_word' id='word_1_164' title='bbox 939 1737 1009 1787; x_wconf 77' lang='lat' dir='ltr'>corii.</span> <span class='ocrx_word' id='word_1_165' title='bbox 1023 1753 1050 1803; x_wconf 90' lang='lat' dir='ltr'>p.</span> <span class='ocrx_word' id='word_1_166' title='bbox 1060 1733 1123 1790; x_wconf 81' lang='lat'>377.</span> 
     </span>
     <span class='ocr_line' id='line_1_20' title="bbox 171 1817 1122 1892; baseline -0.001 -21"><span class='ocrx_word' id='word_1_167' title='bbox 171 1818 280 1871; x_wconf 80' lang='lat' dir='ltr'>Corncl.</span> <span class='ocrx_word' id='word_1_168' title='bbox 303 1821 338 1872; x_wconf 83' lang='lat' dir='ltr'>N.</span> <span class='ocrx_word' id='word_1_169' title='bbox 362 1821 481 1889; x_wconf 73' lang='lat' dir='ltr'>&#39;Lysand</span> <span class='ocrx_word' id='word_1_170' title='bbox 506 1822 538 1884; x_wconf 89' lang='lat'>1,</span> <span class='ocrx_word' id='word_1_171' title='bbox 562 1819 588 1873; x_wconf 79' lang='lat'>3.</span> <span class='ocrx_word' id='word_1_172' title='bbox 616 1817 669 1872; x_wconf 80' lang='lat' dir='ltr'>dac</span> <span class='ocrx_word' id='word_1_173' title='bbox 692 1821 812 1873; x_wconf 85' lang='lat' dir='ltr'>victoria</span> <span class='ocrx_word' id='word_1_174' title='bbox 838 1821 993 1892; x_wconf 79' lang='lat' dir='ltr'>Lysander</span> <span class='ocrx_word' id='word_1_175' title='bbox 1019 1818 1122 1881; x_wconf 80' lang='lat' dir='ltr'>elatas,</span> 
     </span>
     <span class='ocr_line' id='line_1_21' title="bbox 136 1901 1122 1977; baseline -0.004 -19"><span class='ocrx_word' id='word_1_176' title='bbox 136 1923 223 1974; x_wconf 76' lang='lat' dir='ltr'>qaum</span> <span class='ocrx_word' id='word_1_177' title='bbox 244 1913 328 1957; x_wconf 89' lang='lat' dir='ltr'>antea</span> <span class='ocrx_word' id='word_1_178' title='bbox 346 1922 453 1975; x_wconf 84' lang='lat' dir='ltr'>semper</span> <span class='ocrx_word' id='word_1_179' title='bbox 464 1902 612 1975; x_wconf 78' lang='lat' dir='ltr'>factiosas</span> <span class='ocrx_word' id='word_1_180' title='bbox 628 1905 779 1977; x_wconf 70' lang='lat' dir='ltr'>audaxque</span> <span class='ocrx_word' id='word_1_181' title='bbox 792 1903 920 1976; x_wconf 82' lang='lat' dir='ltr'>fuisset,</span> <span class='ocrx_word' id='word_1_182' title='bbox 949 1909 989 1957; x_wconf 86' lang='lat' dir='ltr'>sic</span> <span class='ocrx_word' id='word_1_183' title='bbox 1007 1901 1061 1956; x_wconf 68' lang='lat' dir='ltr'>silvi</span> <span class='ocrx_word' id='word_1_184' title='bbox 1081 1905 1122 1955; x_wconf 87' lang='lat' dir='ltr'>in·</span> 
     </span>
     <span class='ocr_line' id='line_1_22' title="bbox 138 1985 1146 2066; baseline -0.006 -22"><span class='ocrx_word' id='word_1_185' title='bbox 138 1989 238 2045; x_wconf 75' lang='lat' dir='ltr'>dulcit.</span> <span class='ocrx_word' id='word_1_186' title='bbox 275 1990 348 2066; x_wconf 73' lang='lat' dir='ltr'>Cees·</span> <span class='ocrx_word' id='word_1_187' title='bbox 365 1993 394 2045; x_wconf 83' lang='lat' dir='ltr'>B.</span> <span class='ocrx_word' id='word_1_188' title='bbox 412 1991 446 2045; x_wconf 84' lang='lat' dir='ltr'>G.</span> <span class='ocrx_word' id='word_1_189' title='bbox 466 1990 493 2059; x_wconf 71' lang='lat'>6,</span> <span class='ocrx_word' id='word_1_190' title='bbox 512 1991 556 2044; x_wconf 77' lang='lat' dir='ltr'>al.</span> <span class='ocrx_word' id='word_1_191' title='bbox 574 2011 607 2044; x_wconf 88' lang='lat' dir='ltr'>ac</span> <span class='ocrx_word' id='word_1_192' title='bbox 622 1987 689 2060; x_wconf 81' lang='lat' dir='ltr'>fait</span> <span class='ocrx_word' id='word_1_193' title='bbox 704 2002 789 2045; x_wconf 87' lang='lat' dir='ltr'>antea</span> <span class='ocrx_word' id='word_1_194' title='bbox 807 2004 925 2062; x_wconf 86' lang='lat' dir='ltr'>tempus,</span> <span class='ocrx_word' id='word_1_195' title='bbox 945 2007 1027 2060; x_wconf 79' lang='lat' dir='ltr'>quam</span> <span class='ocrx_word' id='word_1_196' title='bbox 1053 1985 1121 2041; x_wconf 80' lang='lat' dir='ltr'>Ger·</span> <span class='ocrx_word' id='word_1_197' title='bbox 1140 1989 1146 2000; x_wconf 85' lang='grc'><em>“</em></span> 
     </span>
     <span class='ocr_line' id='line_1_23' title="bbox 136 2068 1123 2147; baseline -0.007 -18"><span class='ocrx_word' id='word_1_198' title='bbox 136 2090 238 2129; x_wconf 83' lang='lat' dir='ltr'>aranos</span> <span class='ocrx_word' id='word_1_199' title='bbox 269 2069 352 2128; x_wconf 84' lang='lat' dir='ltr'>Galli</span> <span class='ocrx_word' id='word_1_200' title='bbox 376 2078 480 2129; x_wconf 79' lang='lat' dir='ltr'>virtute</span> <span class='ocrx_word' id='word_1_201' title='bbox 504 2087 677 2145; x_wconf 75' lang='lat' dir='ltr'>superarent.</span> <span class='ocrx_word' id='word_1_202' title='bbox 712 2079 807 2136; x_wconf 82' lang='lat' dir='ltr'>Horat.</span> <span class='ocrx_word' id='word_1_203' title='bbox 833 2076 1029 2147; x_wconf 87' lang='lat' dir='ltr'>Epod.11,1.</span> <span class='ocrx_word' id='word_1_204' title='bbox 1050 2068 1123 2128; x_wconf 83' lang='lat' dir='ltr'>ailril</span> 
     </span>
     <span class='ocr_line' id='line_1_24' title="bbox 137 2159 1177 2222; baseline 0.001 -7"><span class='ocrx_word' id='word_1_205' title='bbox 137 2180 182 2215; x_wconf 86' lang='lat' dir='ltr'>me</span> <span class='ocrx_word' id='word_1_206' title='bbox 200 2159 271 2212; x_wconf 87' lang='lat' dir='ltr'>sicat</span> <span class='ocrx_word' id='word_1_207' title='bbox 288 2170 372 2216; x_wconf 82' lang='lat' dir='ltr'>antea</span> <span class='ocrx_word' id='word_1_208' title='bbox 389 2163 469 2218; x_wconf 82' lang='lat' dir='ltr'>iuvat</span> <span class='ocrx_word' id='word_1_209' title='bbox 486 2159 602 2222; x_wconf 72' lang='lat' dir='ltr'>scribere</span> <span class='ocrx_word' id='word_1_210' title='bbox 617 2161 780 2218; x_wconf 83' lang='lat' dir='ltr'>versiculos.</span> <span class='ocrx_word' id='word_1_211' title='bbox 1175 2160 1177 2164; x_wconf 65' lang='grc'>’</span> 
     </span>
     <span class='ocr_line' id='line_1_25' title="bbox 174 2241 1122 2322; baseline -0.004 -26"><span class='ocrx_word' id='word_1_212' title='bbox 174 2243 239 2296; x_wconf 78' lang='lat' dir='ltr'>(lod.</span> <span class='ocrx_word' id='word_1_213' title='bbox 254 2245 348 2302; x_wconf 86' lang='lat' dir='ltr'>lustin.</span> <span class='ocrx_word' id='word_1_214' title='bbox 365 2242 398 2308; x_wconf 84' lang='grc'>6,</span> <span class='ocrx_word' id='word_1_215' title='bbox 415 2243 467 2310; x_wconf 79' lang='lat'>28,</span> <span class='ocrx_word' id='word_1_216' title='bbox 483 2242 510 2304; x_wconf 72' lang='lat' dir='ltr'>l.</span> <span class='ocrx_word' id='word_1_217' title='bbox 526 2247 626 2301; x_wconf 69' lang='lat' dir='ltr'>sciurus</span> <span class='ocrx_word' id='word_1_218' title='bbox 650 2248 751 2300; x_wconf 83' lang='lat' dir='ltr'>etenim</span> <span class='ocrx_word' id='word_1_219' title='bbox 775 2257 861 2302; x_wconf 85' lang='lat' dir='ltr'>antea</span> <span class='ocrx_word' id='word_1_220' title='bbox 885 2242 975 2322; x_wconf 79' lang='lat' dir='ltr'>simili</span> <span class='ocrx_word' id='word_1_221' title='bbox 990 2241 1075 2296; x_wconf 78' lang='lat' dir='ltr'>morlo</span> <span class='ocrx_word' id='word_1_222' title='bbox 1094 2247 1122 2293; x_wconf 86' lang='lat' dir='ltr'>et</span> 
     </span>
     <span class='ocr_line' id='line_1_26' title="bbox 134 2325 1122 2403; baseline -0.005 -21"><span class='ocrx_word' id='word_1_223' title='bbox 134 2327 240 2403; x_wconf 75' lang='lat' dir='ltr'>filiam</span> <span class='ocrx_word' id='word_1_224' title='bbox 265 2338 293 2386; x_wconf 83' lang='lat' dir='ltr'>et</span> <span class='ocrx_word' id='word_1_225' title='bbox 317 2325 420 2400; x_wconf 82' lang='lat' dir='ltr'>filiam</span> <span class='ocrx_word' id='word_1_226' title='bbox 445 2341 473 2384; x_wconf 87' lang='lat' dir='ltr'>et</span> <span class='ocrx_word' id='word_1_227' title='bbox 495 2328 571 2384; x_wconf 87' lang='lat' dir='ltr'>alios</span> <span class='ocrx_word' id='word_1_228' title='bbox 592 2349 687 2385; x_wconf 85' lang='lat' dir='ltr'>omnes</span> <span class='ocrx_word' id='word_1_229' title='bbox 712 2334 782 2386; x_wconf 86' lang='lat' dir='ltr'>inter</span> <span class='ocrx_word' id='word_1_230' title='bbox 805 2343 909 2386; x_wconf 85' lang='lat' dir='ltr'>ceteros</span> <span class='ocrx_word' id='word_1_231' title='bbox 938 2326 1122 2386; x_wconf 73' lang='lat' dir='ltr'>exheredatos</span> 
     </span>
     <span class='ocr_line' id='line_1_27' title="bbox 136 2413 1122 2493; baseline -0.008 -23"><span class='ocrx_word' id='word_1_232' title='bbox 136 2413 255 2470; x_wconf 82' lang='lat' dir='ltr'>scribere</span> <span class='ocrx_word' id='word_1_233' title='bbox 271 2429 331 2473; x_wconf 79' lang='lat' dir='ltr'>esse</span> <span class='ocrx_word' id='word_1_234' title='bbox 347 2433 514 2476; x_wconf 72' lang='lat' dir='ltr'>concessum.</span> <span class='ocrx_word' id='word_1_235' title='bbox 533 2417 578 2468; x_wconf 89' lang='lat' dir='ltr'>ubi</span> <span class='ocrx_word' id='word_1_236' title='bbox 588 2417 675 2473; x_wconf 86' lang='lat' dir='ltr'>Gloss.</span> <span class='ocrx_word' id='word_1_237' title='bbox 690 2420 887 2493; x_wconf 78' lang='lat' dir='ltr'>antiquissimo</span> <span class='ocrx_word' id='word_1_238' title='bbox 906 2427 1039 2488; x_wconf 75' lang='lat' dir='ltr'>tempore,</span> <span class='ocrx_word' id='word_1_239' title='bbox 1055 2421 1122 2465; x_wconf 83' lang='lat' dir='ltr'>anta</span> 
     </span>
     <span class='ocr_line' id='line_1_28' title="bbox 133 2499 372 2574; baseline -0.004 -20"><span class='ocrx_word' id='word_1_240' title='bbox 133 2499 284 2574; x_wconf 80' lang='lat' dir='ltr'>praedicta</span> <span class='ocrx_word' id='word_1_241' title='bbox 302 2499 372 2558; x_wconf 75' lang='lat' dir='ltr'>iare.</span> 
     </span>
    </p>
   </div>
   <div class='ocr_carea' id='block_1_3' title="bbox 63 2589 1191 2870">
    <p class='ocr_par' dir='ltr' id='par_1_3' title="bbox 63 2589 1191 2870">
     <span class='ocr_line' id='line_1_29' title="bbox 150 2589 1119 2688; baseline -0.009 -16"><span class='ocrx_word' id='word_1_242' title='bbox 150 2608 186 2672; x_wconf 76' lang='lat'>2·</span> <span class='ocrx_word' id='word_1_243' title='bbox 212 2602 396 2671; x_wconf 84' lang='lat' dir='ltr'>Praemisso</span> <span class='ocrx_word' id='word_1_244' title='bbox 412 2602 572 2668; x_wconf 81' lang='lat' dir='ltr'>vocabulo</span> <span class='ocrx_word' id='word_1_245' title='bbox 591 2589 697 2671; x_wconf 80' lang='lat' dir='ltr'>antea</span> <span class='ocrx_word' id='word_1_246' title='bbox 713 2604 863 2686; x_wconf 78' lang='lat' dir='ltr'>additur,</span> <span class='ocrx_word' id='word_1_247' title='bbox 882 2603 940 2669; x_wconf 93' lang='lat' dir='ltr'>ubi</span> <span class='ocrx_word' id='word_1_248' title='bbox 963 2601 1003 2666; x_wconf 88' lang='lat' dir='ltr'>de</span> <span class='ocrx_word' id='word_1_249' title='bbox 1019 2622 1119 2688; x_wconf 85' lang='lat' dir='ltr'>prae·</span> 
     </span>
     <span class='ocr_line' id='line_1_30' title="bbox 63 2685 1191 2780; baseline -0.004 -28"><span class='ocrx_word' id='word_1_250' title='bbox 63 2687 167 2758; x_wconf 82' lang='lat' dir='ltr'>terito</span> <span class='ocrx_word' id='word_1_251' title='bbox 188 2698 341 2776; x_wconf 86' lang='lat' dir='ltr'>tompore</span> <span class='ocrx_word' id='word_1_252' title='bbox 363 2690 516 2754; x_wconf 86' lang='lat' dir='ltr'>universo</span> <span class='ocrx_word' id='word_1_253' title='bbox 549 2688 675 2753; x_wconf 90' lang='lat' dir='ltr'>dictum</span> <span class='ocrx_word' id='word_1_254' title='bbox 700 2702 785 2774; x_wconf 84' lang='lat' dir='ltr'>erat,</span> <span class='ocrx_word' id='word_1_255' title='bbox 824 2685 927 2780; x_wconf 90' lang='lat' dir='ltr'>ipsius</span> <span class='ocrx_word' id='word_1_256' title='bbox 956 2686 1118 2774; x_wconf 85' lang='lat' dir='ltr'>temporis</span> <span class='ocrx_word' id='word_1_257' title='bbox 1189 2712 1191 2719; x_wconf 60' lang='lat'><strong><em>¹</em></strong></span> 
     </span>
     <span class='ocr_line' id='line_1_31' title="bbox 65 2773 749 2870; baseline 0 -29"><span class='ocrx_word' id='word_1_258' title='bbox 65 2773 413 2844; x_wconf 80' lang='lat' dir='ltr'>accuratior&#39;definitio</span> <span class='ocrx_word' id='word_1_259' title='bbox 432 2796 494 2863; x_wconf 87' lang='lat' dir='ltr'>per</span> <span class='ocrx_word' id='word_1_260' title='bbox 513 2797 631 2870; x_wconf 81' lang='lat' dir='ltr'>quum,</span> <span class='ocrx_word' id='word_1_261' title='bbox 656 2774 749 2846; x_wconf 75' lang='lat' dir='ltr'>darm.</span> 
     </span>
    </p>
   </div>
   <div class='ocr_carea' id='block_1_4' title="bbox 126 2884 1119 3396">
    <p class='ocr_par' dir='ltr' id='par_1_4' title="bbox 126 2884 1119 3396">
     <span class='ocr_line' id='line_1_32' title="bbox 137 2884 1117 2966; baseline -0.005 -19"><span class='ocrx_word' id='word_1_262' title='bbox 137 2933 159 2947; x_wconf 79' lang='lat'>..</span> <span class='ocrx_word' id='word_1_263' title='bbox 181 2896 237 2948; x_wconf 82' lang='lat' dir='ltr'>cic.</span> <span class='ocrx_word' id='word_1_264' title='bbox 258 2896 292 2946; x_wconf 88' lang='lat' dir='ltr'>ad</span> <span class='ocrx_word' id='word_1_265' title='bbox 308 2900 364 2952; x_wconf 80' lang='lat' dir='ltr'>Att.</span> <span class='ocrx_word' id='word_1_266' title='bbox 383 2895 433 2960; x_wconf 87' lang='grc'>11,</span> <span class='ocrx_word' id='word_1_267' title='bbox 453 2884 496 2955; x_wconf 80' lang='grc'>14.</span> <span class='ocrx_word' id='word_1_268' title='bbox 517 2915 566 2950; x_wconf 85' lang='lat' dir='ltr'>nec</span> <span class='ocrx_word' id='word_1_269' title='bbox 592 2899 813 2962; x_wconf 71' lang='lat' dir='ltr'>estimarunt,</span> <span class='ocrx_word' id='word_1_270' title='bbox 840 2916 910 2966; x_wconf 82' lang='lat' dir='ltr'>qaae</span> <span class='ocrx_word' id='word_1_271' title='bbox 928 2903 1007 2948; x_wconf 84' lang='lat' dir='ltr'>erant</span> <span class='ocrx_word' id='word_1_272' title='bbox 1024 2901 1117 2951; x_wconf 88' lang='lat' dir='ltr'>antea,</span> 
     </span>
     <span class='ocr_line' id='line_1_33' title="bbox 132 2976 1119 3052; baseline 0.001 -21"><span class='ocrx_word' id='word_1_273' title='bbox 132 2976 243 3052; x_wconf 58' lang='lat' dir='ltr'>quana.</span> <span class='ocrx_word' id='word_1_274' title='bbox 254 2990 285 3033; x_wconf 85' lang='lat' dir='ltr'>at</span> <span class='ocrx_word' id='word_1_275' title='bbox 304 2979 377 3035; x_wconf 79' lang='lat' dir='ltr'>nibil</span> <span class='ocrx_word' id='word_1_276' title='bbox 390 2980 472 3034; x_wconf 83' lang='lat' dir='ltr'>aliud</span> <span class='ocrx_word' id='word_1_277' title='bbox 481 3018 490 3047; x_wconf 61' lang='lat'>2</span> <span class='ocrx_word' id='word_1_278' title='bbox 517 2985 632 3037; x_wconf 87' lang='lat' dir='ltr'>comites</span> <span class='ocrx_word' id='word_1_279' title='bbox 649 3003 691 3040; x_wconf 84' lang='lat' dir='ltr'>me</span> <span class='ocrx_word' id='word_1_280' title='bbox 709 2994 737 3036; x_wconf 90' lang='lat' dir='ltr'>et</span> <span class='ocrx_word' id='word_1_281' title='bbox 754 2985 846 3037; x_wconf 87' lang='lat' dir='ltr'>socios</span> <span class='ocrx_word' id='word_1_282' title='bbox 861 2980 961 3036; x_wconf 82' lang='lat' dir='ltr'>babere</span> <span class='ocrx_word' id='word_1_283' title='bbox 974 2976 1119 3051; x_wconf 70' lang='lat' dir='ltr'>paratam·</span> 
     </span>
     <span class='ocr_line' id='line_1_34' title="bbox 132 3064 1117 3140; baseline -0.006 -23"><span class='ocrx_word' id='word_1_284' title='bbox 132 3065 163 3117; x_wconf 87' lang='lat' dir='ltr'>in</span> <span class='ocrx_word' id='word_1_285' title='bbox 187 3064 273 3119; x_wconf 75' lang='lat' dir='ltr'>Vere.</span> <span class='ocrx_word' id='word_1_286' title='bbox 287 3065 320 3132; x_wconf 76' lang='lat'>3,</span> <span class='ocrx_word' id='word_1_287' title='bbox 344 3065 396 3128; x_wconf 80' lang='grc'>41,</span> <span class='ocrx_word' id='word_1_288' title='bbox 422 3066 466 3122; x_wconf 80' lang='lat'>94.</span> <span class='ocrx_word' id='word_1_289' title='bbox 492 3079 594 3131; x_wconf 83' lang='lat' dir='ltr'>antea,</span> <span class='ocrx_word' id='word_1_290' title='bbox 623 3087 709 3139; x_wconf 75' lang='lat' dir='ltr'>qaum</span> <span class='ocrx_word' id='word_1_291' title='bbox 728 3080 853 3140; x_wconf 74' lang='lat' dir='ltr'>equester</span> <span class='ocrx_word' id='word_1_292' title='bbox 877 3067 946 3120; x_wconf 82' lang='lat' dir='ltr'>ordo</span> <span class='ocrx_word' id='word_1_293' title='bbox 973 3064 1117 3123; x_wconf 81' lang='lat' dir='ltr'>iudicaret,</span> 
     </span>
     <span class='ocr_line' id='line_1_35' title="bbox 133 3149 1117 3224; baseline 0.002 -22"><span class='ocrx_word' id='word_1_294' title='bbox 133 3149 258 3220; x_wconf 79' lang='lat' dir='ltr'>improbi</span> <span class='ocrx_word' id='word_1_295' title='bbox 273 3164 301 3206; x_wconf 83' lang='lat' dir='ltr'>et</span> <span class='ocrx_word' id='word_1_296' title='bbox 318 3165 435 3222; x_wconf 78' lang='lat' dir='ltr'>rapaces</span> <span class='ocrx_word' id='word_1_297' title='bbox 452 3155 635 3222; x_wconf 74' lang='lat' dir='ltr'>magistratus</span> <span class='ocrx_word' id='word_1_298' title='bbox 650 3155 679 3204; x_wconf 87' lang='lat' dir='ltr'>in</span> <span class='ocrx_word' id='word_1_299' title='bbox 698 3156 852 3224; x_wconf 79' lang='lat' dir='ltr'>prouinciis</span> <span class='ocrx_word' id='word_1_300' title='bbox 866 3150 1053 3208; x_wconf 74' lang='lat' dir='ltr'>inserviebant</span> <span class='ocrx_word' id='word_1_301' title='bbox 1067 3165 1117 3216; x_wconf 75' lang='lat' dir='ltr'>pu·</span> 
     </span>
     <span class='ocr_line' id='line_1_36' title="bbox 132 3231 1117 3310; baseline 0.007 -24"><span class='ocrx_word' id='word_1_302' title='bbox 132 3231 260 3289; x_wconf 77' lang='lat' dir='ltr'>blicanis·</span> <span class='ocrx_word' id='word_1_303' title='bbox 302 3234 410 3290; x_wconf 84' lang='lat' dir='ltr'>Terent.</span> <span class='ocrx_word' id='word_1_304' title='bbox 426 3237 510 3293; x_wconf 80' lang='lat' dir='ltr'>Andr.</span> <span class='ocrx_word' id='word_1_305' title='bbox 527 3237 552 3299; x_wconf 85' lang='lat'>1,</span> <span class='ocrx_word' id='word_1_306' title='bbox 568 3237 593 3300; x_wconf 87' lang='lat' dir='ltr'>l,</span> <span class='ocrx_word' id='word_1_307' title='bbox 612 3234 655 3292; x_wconf 76' lang='grc'>25.</span> <span class='ocrx_word' id='word_1_308' title='bbox 677 3257 742 3293; x_wconf 85' lang='lat' dir='ltr'>nam</span> <span class='ocrx_word' id='word_1_309' title='bbox 759 3249 842 3291; x_wconf 85' lang='lat' dir='ltr'>antea</span> <span class='ocrx_word' id='word_1_310' title='bbox 860 3240 908 3310; x_wconf 85' lang='lat' dir='ltr'>qni</span> <span class='ocrx_word' id='word_1_311' title='bbox 924 3241 994 3290; x_wconf 87' lang='lat' dir='ltr'>scire</span> <span class='ocrx_word' id='word_1_312' title='bbox 1010 3249 1117 3305; x_wconf 79' lang='lat' dir='ltr'>posses,</span> 
     </span>
     <span class='ocr_line' id='line_1_37' title="bbox 126 3309 1117 3396; baseline 0.004 -24"><span class='ocrx_word' id='word_1_313' title='bbox 126 3313 182 3375; x_wconf 67' lang='lat' dir='ltr'>&#39;aut</span> <span class='ocrx_word' id='word_1_314' title='bbox 200 3323 345 3392; x_wconf 61' lang='lat' dir='ltr'>¹ingenium</span> <span class='ocrx_word' id='word_1_315' title='bbox 362 3338 489 3386; x_wconf 83' lang='lat' dir='ltr'>noscare,</span> <span class='ocrx_word' id='word_1_316' title='bbox 519 3320 587 3374; x_wconf 79' lang='lat' dir='ltr'>dam</span> <span class='ocrx_word' id='word_1_317' title='bbox 609 3309 706 3386; x_wconf 65' lang='lat' dir='ltr'>aetas,</span> <span class='ocrx_word' id='word_1_318' title='bbox 739 3335 843 3387; x_wconf 86' lang='lat' dir='ltr'>metus,</span> <span class='ocrx_word' id='word_1_319' title='bbox 867 3326 999 3396; x_wconf 80' lang='lat' dir='ltr'>magister</span> <span class='ocrx_word' id='word_1_320' title='bbox 1023 3315 1117 3388; x_wconf 66' lang='lat' dir='ltr'>prodi·</span> 
     </span>
    </p>
   </div>
   <div class='ocr_carea' id='block_1_5' title="bbox 133 3400 258 3457">
    <p class='ocr_par' dir='ltr' id='par_1_5' title="bbox 133 3400 258 3457">
     <span class='ocr_line' id='line_1_38' title="bbox 133 3400 258 3457; baseline 0.016 -2"><span class='ocrx_word' id='word_1_321' title='bbox 133 3400 258 3457; x_wconf 73' lang='lat' dir='ltr'>debant?</span> 
     </span>
    </p>
   </div>
   <div class='ocr_carea' id='block_1_6' title="bbox 61 3505 1153 4026">
    <p class='ocr_par' dir='ltr' id='par_1_6' title="bbox 61 3505 1153 4026">
     <span class='ocr_line' id='line_1_39' title="bbox 148 3505 1116 3598; baseline -0.004 -27"><span class='ocrx_word' id='word_1_322' title='bbox 148 3510 180 3571; x_wconf 83' lang='grc'>8.</span> <span class='ocrx_word' id='word_1_323' title='bbox 212 3505 266 3571; x_wconf 87' lang='lat' dir='ltr'>Ex</span> <span class='ocrx_word' id='word_1_324' title='bbox 282 3508 381 3575; x_wconf 86' lang='lat' dir='ltr'>altera</span> <span class='ocrx_word' id='word_1_325' title='bbox 399 3516 509 3572; x_wconf 86' lang='lat' dir='ltr'>autem</span> <span class='ocrx_word' id='word_1_326' title='bbox 534 3508 595 3572; x_wconf 84' lang='lat' dir='ltr'>isto</span> <span class='ocrx_word' id='word_1_327' title='bbox 615 3511 744 3577; x_wconf 77' lang='lat' dir='ltr'>ratione</span> <span class='ocrx_word' id='word_1_328' title='bbox 772 3517 992 3598; x_wconf 85' lang='lat' dir='ltr'>opponuntur</span> <span class='ocrx_word' id='word_1_329' title='bbox 1013 3527 1116 3569; x_wconf 84' lang='lat' dir='ltr'>voco-</span> 
     </span>
     <span class='ocr_line' id='line_1_40' title="bbox 64 3588 1117 3685; baseline -0.002 -30"><span class='ocrx_word' id='word_1_330' title='bbox 64 3588 143 3655; x_wconf 83' lang='lat' dir='ltr'>bula</span> <span class='ocrx_word' id='word_1_331' title='bbox 156 3605 295 3677; x_wconf 84' lang='lat' dir='ltr'>posteo,</span> <span class='ocrx_word' id='word_1_332' title='bbox 312 3604 414 3679; x_wconf 84' lang='lat' dir='ltr'>post,</span> <span class='ocrx_word' id='word_1_333' title='bbox 435 3595 596 3678; x_wconf 77' lang='lat' dir='ltr'>posthac,</span> <span class='ocrx_word' id='word_1_334' title='bbox 619 3610 867 3685; x_wconf 60' lang='lat' dir='ltr'>posteaquam</span> <span class='ocrx_word' id='word_1_335' title='bbox 900 3605 991 3672; x_wconf 83' lang='lat' dir='ltr'>tum,</span> <span class='ocrx_word' id='word_1_336' title='bbox 1019 3603 1117 3655; x_wconf 81' lang='lat' dir='ltr'>tunc.-</span> 
     </span>
     <span class='ocr_line' id='line_1_41' title="bbox 62 3677 1144 3765; baseline -0.004 -25"><span class='ocrx_word' id='word_1_337' title='bbox 62 3697 211 3761; x_wconf 87' lang='lat' dir='ltr'>quorum</span> <span class='ocrx_word' id='word_1_338' title='bbox 228 3679 381 3765; x_wconf 81' lang='lat' dir='ltr'>exempla</span> <span class='ocrx_word' id='word_1_339' title='bbox 399 3679 442 3742; x_wconf 93' lang='lat' dir='ltr'>ob</span> <span class='ocrx_word' id='word_1_340' title='bbox 464 3680 624 3744; x_wconf 85' lang='lat' dir='ltr'>orationis</span> <span class='ocrx_word' id='word_1_341' title='bbox 650 3681 954 3747; x_wconf 79' lang='lat' dir='ltr'>conformationem</span> <span class='ocrx_word' id='word_1_342' title='bbox 973 3677 1144 3740; x_wconf 59' lang='lat' dir='ltr'>notanda&gt;</span> 
     </span>
     <span class='ocr_line' id='line_1_42' title="bbox 61 3761 1125 3853; baseline -0.002 -26"><span class='ocrx_word' id='word_1_343' title='bbox 61 3761 228 3828; x_wconf 86' lang='lat' dir='ltr'>videntur.</span> <span class='ocrx_word' id='word_1_344' title='bbox 251 3764 295 3829; x_wconf 91' lang='lat' dir='ltr'>Et</span> <span class='ocrx_word' id='word_1_345' title='bbox 311 3764 475 3828; x_wconf 88' lang='lat' dir='ltr'>interdum</span> <span class='ocrx_word' id='word_1_346' title='bbox 492 3765 546 3829; x_wconf 93' lang='lat' dir='ltr'>ille</span> <span class='ocrx_word' id='word_1_347' title='bbox 561 3770 739 3840; x_wconf 87' lang='lat' dir='ltr'>terminus,</span> <span class='ocrx_word' id='word_1_348' title='bbox 761 3789 906 3853; x_wconf 87' lang='lat' dir='ltr'>quocum</span> <span class='ocrx_word' id='word_1_349' title='bbox 924 3763 1010 3828; x_wconf 84' lang='lat' dir='ltr'>aliud</span> <span class='ocrx_word' id='word_1_350' title='bbox 1029 3777 1125 3844; x_wconf 75' lang='lat' dir='ltr'>tem-¹</span> 
     </span>
     <span class='ocr_line' id='line_1_43' title="bbox 61 3847 1116 3937; baseline 0 -27"><span class='ocrx_word' id='word_1_351' title='bbox 61 3868 128 3935; x_wconf 89' lang='lat' dir='ltr'>pus</span> <span class='ocrx_word' id='word_1_352' title='bbox 148 3861 377 3937; x_wconf 81' lang='lat' dir='ltr'>comparatur,</span> <span class='ocrx_word' id='word_1_353' title='bbox 404 3869 473 3914; x_wconf 91' lang='lat' dir='ltr'>non</span> <span class='ocrx_word' id='word_1_354' title='bbox 493 3850 648 3919; x_wconf 88' lang='lat' dir='ltr'>definitur</span> <span class='ocrx_word' id='word_1_355' title='bbox 664 3853 866 3919; x_wconf 87' lang='lat' dir='ltr'>distinctius:</span> <span class='ocrx_word' id='word_1_356' title='bbox 898 3851 984 3918; x_wconf 83' lang='lat' dir='ltr'>unde</span> <span class='ocrx_word' id='word_1_357' title='bbox 999 3847 1054 3927; x_wconf 87' lang='lat' dir='ltr'>fit,</span> <span class='ocrx_word' id='word_1_358' title='bbox 1079 3858 1116 3912; x_wconf 89' lang='lat' dir='ltr'>ut</span> 
     </span>
     <span class='ocr_line' id='line_1_44' title="bbox 62 3931 1153 4026; baseline 0.008 -28"><span class='ocrx_word' id='word_1_359' title='bbox 62 3931 240 4001; x_wconf 81' lang='lat' dir='ltr'>reddamus</span> <span class='ocrx_word' id='word_1_360' title='bbox 251 3934 397 4026; x_wconf 77' lang='lat' dir='ltr'>sriilrer,</span> <span class='ocrx_word' id='word_1_361' title='bbox 418 3943 545 4022; x_wconf 77' lang='lat' dir='ltr'>spdter.</span> <span class='ocrx_word' id='word_1_362' title='bbox 1150 3957 1153 3965; x_wconf 89' lang='lat'>&#39;</span> 
     </span>
    </p>
   </div>
   <div class='ocr_carea' id='block_1_7' title="bbox 0 0 1314 4770">
    <p class='ocr_par' dir='ltr' id='par_1_7' title="bbox 0 0 1314 4770">
     <span class='ocr_line' id='line_1_45' title="bbox 0 0 1314 4770; baseline 0 2"><span class='ocrx_word' id='word_1_363' title='bbox 0 0 1314 4770; x_wconf 95' lang='lat' dir='ltr'> </span> 
     </span>
    </p>
   </div>
  </div>
 </body>
</html>
