2618 4770
1038 282 1048 325 1

544 342 955 426 1110111·
994 375 995 378 ’
1067 358 1126 419 191

140 500 341 555 demonstravit
362 500 472 567 Iingius
489 501 574 554 Pient
593 504 700 567 Quaest.
723 503 746 554 1.
771 502 1255 592 ρ.7.1111το(111111.3,ς,,[

138 588 178 654 8,
200 588 226 639 2.
245 604 333 655 aeque
350 583 439 637 latum
457 606 491 639 ac
509 587 626 641 mutilus
644 608 662 640 a
679 593 787 660 pariete
805 601 1035 661 exstareqpotest.
1073 595 1154 650 Cic..
1167 618 1237 684 aequ
1306 632 1309 638 -

105 677 179 726 ·ad
200 676 272 724 Fam
293 665 531 735 13,69.11111111
551 670 917 747 ‹olitetobservataeque
939 686 1024 747 atque
1046 677 1129 731 illum
1164 684 1195 748 p·
1211 606 1296 743 pez

145 766 243 829 ipsum
256 766 409 825 patronum
426 775 513 808 suum·
530 758 564 810 sle
581 761 643 811 Nat.
662 747 688 810 si.
706 750 740 820 3,
757 756 810 822 13,
824 754 871 825 45
882 756 923 811 de
940 763 1022 814 Amic
1037 762 1063 829 6,
1083 764 1172 821 23
1227 762 1229 767 ’

144 849 210 918 quis
232 850 305 896 esset
325 847 421 893 tarttus
440 837 595 927 fructus
584 863 614 897 m
637 847 793 919 prosperis
800 841 898 907 rebus,
925 849 981 901 nisi
1005 847 1129 912 haberes,
1188 874 1190 883 ·

145 935 196 1006 qui
215 929 276 983 illis
292 944 379 998 aeque
395 945 429 978 ac
447 936 478 979 tu
497 930 559 998 ipse
574 927 736 1000 gauderet?
761 928 795 979 att
812 930 883 980 Fam.
902 928 937 992 2
955 932 981 985 2.
999 950 1042 988 me
1058 946 1130 989 certe

145 1014 278 1074 habebis,
297 1018 341 1068 tui
357 1023 384 1065 et
403 1028 480 1065 carus
493 1030 580 1085 aeque
600 1015 639 1065 sis
664 1022 694 1066 et
718 1013 854 1066 iucundus
876 1034 911 1067 ac
928 1012 1021 1085 fuisti
1045 1024 1130 1089 patri.

145 1108 219 1155 Brut.
245 1098 298 1161 7,1,
319 1097 381 1157 243.
406 1101 454 1174 qui
477 1094 531 1150 tibi
554 1106 621 1149 sunt
642 1118 730 1170 aeque
748 1102 813 1153 noti
836 1101 969 1157 aemilii
985 1123 1027 1172 pr.
1051 1107 1129 1157 Roec.

148 1169 352 1247 1111.40,116.
373 1178 724 1237 111111111111111111.
745 1177 1033 1253 1313111111..
1050 1193 1131 1244 victis

147 1285 180 1329 at
203 1278 364 1343 parceretur
387 1286 473 1340 aeque
497 1286 531 1319 ac
553 1285 606 1338 pro
627 1277 688 1322 mea
710 1267 805 1321 salute
823 1223 961 1326 laboravi.
1000 1268 1131 1338 Celsneb,
1152 1300 1155 1305 ·

149 1357 191 1412 15.
208 1366 238 1410 et
255 1354 286 1408 id
307 1351 432 1424 quidem,
451 1366 537 1422 aeque
552 1352 684 1419 adpstum
700 1363 786 1423 atque
800 1356 938 1419 excisum,
958 1360 1020 1412 siae
1037 1378 1071 1412 ea
1087 1354 1132 1412 cu.

147 1443 275 1500 ratione.
298 1454 368 1510 quae
394 1437 504 1507 corpori
520 1448 603 1488 uranu
620 1435 785 1503 adhibetur,
815 1439 936 1510 implerix
950 1459 1007 1494 noa
1025 1454 1131 1513 potest.

148 1515 415 1586 ’11σὶ1.·.Ηὶ11.4,5.
439 1513 736 1596 Quaestorius.adlruc
755 1542 821 1578 -e
842 1523 964 1579 moribus
984 1532 1072 1582 soceri
1090 1531 1131 1580 ni·
1221 1546 1223 1553 ¹

151 1613 192 1667 lrr'l
214 1628 302 1681 aeque
326 1627 360 1659 ac
384 1600 541 1661 libertate'm
569 1606 673 1662 bausit.
713 1608 822 1661 Terent.
847 1610 952 1661 Phorm.
978 1612 1070 1678 1,·2,
1086 1612 1130 1672 43,
1233 1656 1235 1661 .

131 1706 299 1770 'numquam
312 1710 414 1763 aeque,
432 1693 539 1765 inquit,
565 1712 599 1749 ae
620 1692 704 1747 modo
721 1702 876 1764 paupertas
895 1693 965 1749 mibi
981 1714 1051 1750 onus
1068 1701 1132 1752 visa

133 1796 191 1849 ¹est
212 1792 241 1837 et
261 1781 390 1833 miserum
409 1787 437 1832 et
454 1790 549 1850 grave.

184 1911 240 1963 cte.
259 1907 293 1959 ad
312 1907 384 1958 Fam.
403 1903 454 1969 13,
473 1892 525 1970 43,
542 1892 570 1959 3.
594 1890 716 1977 Egnatii
743 1892 867 1962 absentis
889 1920 947 1960 rem
971 1916 1009 1959 ut
1027 1909 1131 1970 tueare,

151 2016 236 2068 aeque
252 2014 271 2046 a
287 2002 314 2045 te
333 2002 418 2061 peto,
437 2010 470 2043 ac
485 1993 510 2043 sr'
527 2008 589 2043 mea
608 1993 723 2063 negotia
739 2001 840 2045 essent.
853 1992 890 2042 ad
908 1995 1023 2045 Herenn.
1041 1993 1068 2056 2,
1089 1992 1131 2056 13,

152 2082 192 2133 19.
210 2077 408 2132 consuetudine
424 2078 465 2129 ius
485 2075 595 2139 estid,
621 2077 697 2148 quod
717 2081 778 2132 sine
798 2075 979 2149 legemque,
1000 2074 1036 2130 ae'
1050 2079 1076 2129 si
1093 2075 1130 2130 le-

151 2168 277 2239 gitimum
305 2164 358 2226 sit,
377 2165 512 2216 usitatum
531 2171 582 2216 est.
613 2162 669 2214 Liv.
697 2158 747 2228 10,
772 2161 806 2225 7,
827 2160 855 2214 4.
880 2173 940 2215 tum
962 2161 992 2216 P·
1015 2162 1132 2216 Decium

153 2250 291 2306 consulem
312 2255 412 2318 purum
440 2251 573 2318 piumque
597 2244 659 2300 cleis
685 2244 890 2302 immortalibus
912 2251 1021 2313 uisum,
1046 2267 1132 2320 aeque

155 2357 185 2391 ae
204 2338 232 2389 si
255 2334 287 2390 Τ.
308 2322 445 2387 Manlius
465 2322 577 2401 collegis
594 2334 652 2385 eius
668 2322 858 2388 deuoueretur.
877 2328 932 2398 44,
948 2332 999 2399 22,
1017 2332 1043 2385 5.
1061 2334 1130 2384 Gor-

152 2422 202 2476 nel.
221 2417 297 2473 Eum.
314 2416 348 2482 5,
365 2414 390 2468 6.
411 2433 464 2487 quo
479 2412 596 2486 factum
617 2428 675 2480 est,
692 2444 726 2459 -
745 2429 776 2485 ut
795 2418 920 2472 iumenta
933 2432 1024 2490 aeque
1039 2418 1134 2472 alticla

108 2546 113 2558 ,
156 2526 187 2561 erc
205 2502 331 2560 castellis
354 2503 547 2566 1111111111,-
564 2520 597 2552 ac
613 2505 638 2555 si
657 2505 687 2554 in
705 2500 906 2573 campestribus
930 2523 965 2558 ea
990 2502 1071 2558 locis¹
1083 2503 1134 2554 lra-

127 2640 130 2649 .
154 2590 266 2647 luisset.
282 2588 417 2641 =Columel.
435 2588 467 2639 de
487 2589 526 2639 Re
544 2604 567 2638 r.
585 2586 619 2651 9,
642 2587 676 2651 5,
699 2589 725 2640 2.
749 2606 835 2660 aeque
863 2591 936 2643 enim
947 2582 1135 2662 'dedignatum

152 2680 172 2735 si
192 2680 281 2730 minus
301 2693 370 2745 pure
388 2670 486 2727 babitu
502 2682 565 2736 est,
583 2693 616 2727 aa
632 2678 659 2727 si
683 2684 813 2728 tractetur
826 2669 1037 2745 fraudulenter.

186 2815 276 2873 Annvn
293 2834 328 2848 -
345 2827 404 2871 Qve.
430 2809 583 2878 Exemplum
606 2809 683 2861 huius
710 2802 909 2879 compositionis
935 2824 989 2859 non
1014 2815 1134 2857 notatum

154 2898 247 2950 habeo.
282 2895 381 2945 Tamen
400 2894 471 2961 quod
494 2895 522 2945 in
543 2895 673 2946 adiective
698 2896 783 2948 forme
810 2897 864 2949 fert
882 2912 961 2956 usus,
985 2892 1134 2943 111111111-

155 2982 224 3034 bium
249 2996 353 3047 qnoque
381 2980 485 3030 attinet.
513 2980 607 3032 Horat.
633 2981 717 3033 carm.
742 2980 776 3043 2,
805 2980 855 3043 18,
874 2978 917 3032 32.
937 2995 1027 3049 aequa
1048 2974 1135 3029 tellus

155 3069 272 3137 pauperi
289 3062 442 3119 recluditur
464 3070 613 3137 regumque
637 3069 739 3136 pueris·
764 3067 778 3116 1
788 3105 796 3130 ,
814 3066 849 3127 4,
871 3063 913 3117 13.
931 3063 975 3115 ubi
992 3062 1046 3115 vid.
1066 3064 1133 3114 Mit-

155 3151 291 3206 scherlichr

188 3292 277 3348 treve.
295 3310 328 3323 -
345 3301 423 3347 Qvtrs.
447 3272 533 3337 Plaut.
551 3284 607 3357 Mil.
624 3287 657 3349 2,
675 3285 708 3351 5,
728 3284 770 3337 55.
791 3279 838 3357 qni
861 3300 947 3356 aeque
955 3271 1054 3354 faciat
1072 3298 1136 3333 con·

149 3370 272 3441 fidenter
290 3370 457 3442 quidquam,
477 3384 561 3442 quant
579 3390 649 3443 quae
668 3370 796 3424 mulieres
808 3364 933 3440 faciunt.
965 3369 1043 3437 Epid.
1062 3367 1088 3429 2,
1107 3365 1133 3424 3,

154 3456 177 3507 1.
196 3454 306 3509 nullum
325 3473 383 3508 esse
401 3457 503 3524 opinor
522 3472 574 3525 ego
592 3474 688 3527 agrum
715 3458 743 3508 in
767 3474 836 3528 agro
856 3456 950 3509 Attico
977 3468 1073 3526 aeque·
1084 3445 1135 3519 fe·

154 3562 258 3604 racem,
280 3556 361 3613 quam
378 3540 423 3617 bic
442 3544 485 3592 est
504 3553 598 3594 noster
613 3539 791 3612 Periphanes.
818 3542 873 3592 Lir.
893 3538 945 3604 28,
963 3537 1013 3600 26,
1031 3535 1071 3586 14.
1094 3538 1134 3587 ni·

125 3688 127 3693 ἲ
155 3626 301 3698 tritaeque
322 3643 368 3678 eos
387 3628 492 3685 terruit,
517 3642 600 3695 quam
617 3637 728 3695 praeter
748 3644 825 3694 spem
845 3623 930 3678 robur
948 3633 974 3675 et
992 3618 1071 3672 color
1086 3623 1135 3672 im·

154 3713 297 3782 peratoris.
325 3712 431 3760 Sueten.
453 3696 544 3760 Claud.
560 3708 603 3762 35.
622 3711 678 3776 Ι1111
700 3709 772 3762 nibil
799 3728 884 3782 aeque
909 3725 992 3778 quam
1019 3706 1135 3758 timirlus

157 3786 340 3870 accliffirlens
352 3791 428 3864 fuit.
447 3788 466 3849 i'.
488 3814 510 3846 e.
530 3795 706 3863 maximopere
722 3797 837 3847 timidus.
859 3793 985 3845 Columel.
1003 3792 1035 3842 de
1053 3794 1092 3842 Re
1110 3810 1133 3842 1.

156 3882 186 3948 8,
208 3884 257 3947 10,
278 3882 305 3934 2.
323 3881 414 3934 locum
439 3901 526 3951 aeque
545 3883 681 3933 munitum
706 3891 733 3933 et
754 3885 879 3950 apricum
904 3892 988 3950 quam
1012 3872 1135 3930 columbi

158 3967 324 4023 desiderant.
344 3966 377 4027 8,
400 3966 447 4029 17,
468 3964 509 4018 13.
527 3960 561 4028 5,
578 3961 604 4027 5,
624 3956 649 4014 7.
668 3965 712 4015 ubi
731 3966 834 4017 codices
852 3965 897 4014 alii
915 3973 1047 4015 nontam
1067 3960 1136 4016 bene
1221 4000 1225 4008 »

157 4051 283 4120 praebent
297 4068 345 4120 pro
362 4070 418 4103 non
436 4069 523 4123 oeque
540 4045 615 4104 bene
632 4048 689 4101 Liv.
711 4048 736 4113 5,
756 4044 781 4112 6,
801 4049 842 4100 11.
863 4065 899 4101 an
914 4057 957 4104 est
971 4049 1134 4122 quidquam,

158 4138 230 4210 quod
252 4131 415 4195 Veientibus
435 4144 565 4208 optatum
581 4153 668 4209 aeque
691 4138 849 4206 contingere
863 4137 974 4207 possit,
995 4152 1084 4207 ,quam
1102 4145 1134 4187 ut
1213 4207 1216 4214 Ι
