2618 4770
227 296 296 376 sm
671 301 822 383 troni.
895 264 902 273 ’

298 479 344 519 tae
363 460 506 531 arripiant
518 452 640 528 fruges,
664 453 829 527 benefacere
850 454 892 509 dii
912 457 1077 528 nequeunt?
1108 458 1221 531 Atquin
1232 478 1271 531 ego

297 546 377 604 rebar
393 543 496 618 paullo
526 554 609 604 ante,
634 553 805 611 spontaneas
831 558 891 596 esse
916 543 1060 595 numinum
1084 540 1272 613 benignitates.
1296 576 1301 625 3

295 635 336 689 Ex
353 633 405 684 hoe
421 628 598 681 recentiorum
615 645 663 678 usu
671 629 795 681 Floridus
812 627 952 679 emendare
966 628 1271 701 roluitApulei.Apolog.

210 747 227 767 .-
297 717 394 790 pelo.
411 713 481 785 (496.
498 713 575 780 Prie.)
595 714 675 786 atqui
692 731 744 784 ego
762 714 837 779 seio,
856 712 902 765 ubi
920 723 993 765 recte
1010 714 1113 782 legitur
1131 727 1224 787 atque.

234 874 237 879 ,
333 823 480 887 Numquam
500 817 623 869 dixerunt
645 800 754 868 veteres'
766 819 847 887 utqui
863 818 968 871 etiam:
991 833 1151 886 quamquem
1167 819 1195 869 id
1212 819 1270 886 legi-

296 917 339 959 tur
358 906 387 956 in
404 904 558 973 quibusdam
578 902 713 954 codicibue
734 901 832 953 Cic.iu
848 904 926 957 Verr.
947 902 1049 969 1,60,
1068 901 1129 955 155.
1160 905 1238 961 Tusc,
1249 902 1268 967 5,
1298 930 1300 967 ;

297 991 347 1058 15,
366 987 410 1042 43.
429 999 457 1039 et
479 987 612 1055 quondum
634 988 664 1038 in
691 986 852 1041 editionibus
871 989 978 1064 Gruter.
996 998 1024 1042 et
1047 989 1157 1040 Ernest.
1175 991 1207 1042 de
1222 990 1269 1040 Fir.
1298 992 1300 1055 ζ

296 1078 330 1141 3,
349 1074 399 1137 18,
422 1070 465 1124 59.

311 1183 343 1242 3.
368 1171 665 1239 Confirmationem
679 1172 780 1260 igitur
795 1173 885 1240 addit
899 1175 960 1257 rei,
977 1193 1061 1263 quue
1078 1199 1098 1240 o
1126 1176 1265 1264 ponitur.

228 1263 330 1345 Quod
349 1261 447 1325 etium
466 1283 526 1347 per
541 1261 684 1346 simplex
700 1271 739 1323 ut
755 1260 974 1347 exprimitur,
998 1263 1056 1327 sed
1073 1199 1202 1327 osiieoto
1219 1262 1266 1348 qni

227 1346 409 1415 intenditur
434 1348 482 1411 vis
513 1344 767 1411 enuntiationis:
809 1345 973 1434 dugegen
997 1346 1089 1412 eben.
1150 1349 1265 1428 Quum-

228 1456 329 1522 quum
349 1442 465 1513 eruut,
519 1431 553 1494 ui
577 1431 658 1495 haee
681 1451 776 1495 exem
804 1431 834 1496 lu
858 1433 898 1495 od
921 1425 1110 1520 syilogismi
1130 1433 1263 1504 formam

225 1521 406 1599 reducunt,
432 1454 639 1603 redduntque
661 1539 731 1579 nun
751 1453 846 1583 ‹iiie-r.
893 1517 957 1581 Sed
979 1541 1050 1583 non
1077 1542 1210 1584 necesse
1226 1530 1264 1582 est

227 1607 412 1671 orationem
428 1612 545 1689 putare
564 1625 634 1666 non
657 1602 859 1678 absolutum,
883 1624 991 1690 neque
1015 1605 1149 1684 aliunde
1172 1606 1264 1668 oritur

103 1703 107 1715 '
164 1765 172 1779 „
226 1714 304 1755 usus
320 1692 355 1754 in
370 1688 590 1776 syllogismis,
614 1688 678 1752 nisi
702 1707 744 1750 ex
766 1687 829 1752 hue
851 1689 922 1775 ipsu
943 1688 1181 1788 signifieutione
1202 1692 1263 1778 pri·

225 1777 340 1842 muris.
393 1774 499 1862 Saepe
531 1796 594 1838 nos
621 1771 777 1840 eumdem
807 1795 942 1839 sensum
971 1777 1191 1862 exprimimus
1214 1798 1263 1864 per

203 1861 396 1929 “vielmelrr.

186 1954 191 1959 ’
333 1963 388 2014 Cic.
404 1980 432 2032 p.
450 1964 520 2014 Sext.
537 1959 589 2024 37,
606 1956 650 2012 79.
668 1976 751 2031 quum
768 1960 862 2014 omnia
878 1964 910 2017 vi
933 1973 961 2017 et
979 1967 1066 2018 ermis
1084 1967 1181 2036 egeris,
1195 1952 1272 2016 aere-³

294 2066 336 2103 ses
358 2065 441 2110 enm,
469 2051 517 2118 qui
535 2063 564 2099 se
581 2044 723 2116 praesidio
742 2049 887 2109 transsierit,
907 2066 963 2102 non
980 2061 1012 2101 ur
1038 2059 1066 2103 te
1090 2059 1261 2120 oppugnaret,
1297 2100 1299 2111 ,

231 2170 236 2180 -
293 2132 344 2187 sed
368 2143 398 2185 ut
420 2133 511 2185 vitam
534 2149 613 2182 suam
634 2126 928 2201 posserdefendere?
953 2135 1041 2207 Atqui
1058 2155 1092 2189 ne
1112 2153 1147 2187 ex
1164 2151 1195 2186 eo
1214 2136 1262 2203 qui·
1297 2138 1299 2203 ξ

228 2258 233 2267 .
295 2219 357 2273 rtem
383 2230 509 2286 tempore
540 2213 570 2268 iel
597 2217 656 2285 egit
685 2216 813 2280 Sentius,
830 2229 876 2270 nt
895 2239 914 2271 a
932 2224 990 2275 suis
1010 2224 1134 2273 munitus
1163 2230 1218 2271 tuto
1239 2222 1262 2272 in

290 2301 363 2372 foro
385 2303 580 2370 magistratum
596 2310 710 2370 gereret.
745 2303 785 2354 De
811 2305 873 2355 Nat.
893 2304 919 2359 d.
938 2305 970 2374 1,
988 2304 1021 2367 7,
1043 2304 1086 2357 16.
1100 2294 1191 2376 'atqui
1206 2301 1261 2356 mitt

297 2405 405 2460 qnoque
421 2384 536 2448 videor,
553 2375 675 2456 inquom,
688 2388 815 2451 venisse,
834 2398 865 2441 nt
882 2389 961 2453 dieis,
978 2399 1147 2460 opportune.
1167 2390 1208 2440 ubi
1223 2407 1259 2440 re·
1296 2382 1299 2411 ¹

293 2484 336 2524 ote
360 2470 529 2523 Heindoriiu's
558 2481 695 2539 comparat
717 2466 788 2526 dud
810 2470 867 2544 μήν
893 2471 942 2528 καὶ
967 2470 1030 2542 ἐμοὶ
1056 2474 1141 2528 δοκῶ.
1182 2476 1259 2526 Horat.

294 2560 380 2609 Germ.
398 2555 430 2624 1,
448 2555 499 2620 28,
518 2556 542 2608 1.
563 2558 638 2609 vitas
657 2554 789 2615 hinnuleo
815 2577 857 2614 me
881 2557 983 2613 similis
995 2556 1108 2627 Chloe,
1136 2558 1260 2632 quaerenti

274 2640 428 2714 ‚pavidam
446 2639 586 2695 montibus
602 2643 809 2717 eviielrnatrem
824 2673 877 2698 -.
898 2634 986 2714 Aequi
1003 2661 1060 2696 non
1080 2663 1132 2716 ego
1151 2656 1177 2698 te
1195 2643 1260 2716 tigris

293 2739 326 2782 est
345 2745 462 2798 aspera,
478 2726 645 2798 gaetulusve
662 2724 707 2780 leo
722 2723 859 2799 frangere
875 2746 1032 2800 persequor.
1051 2730 1070 2779 i.
1086 2747 1112 2798 q.
1131 2724 1202 2783 dett
1215 2747 1259 2782 τοι.

187 2875 190 2879 y
291 2815 400 2866 Terent.
418 2811 467 2865 Ad.
484 2810 517 2875 5,
537 2812 571 2877 5,
591 2810 617 2865 5.
635 2821 664 2865 et
680 2809 732 2867 tibi
750 2811 846 2866 lubens
867 2811 935 2868 berre
952 2810 1062 2885 faxim·
1088 2817 1132 2864 Sr.
1154 2815 1261 2886 gratiam

131 2888 134 2895 ’
189 2944 193 2951 .
282 2896 392 2950 ¹hetheo.
415 2896 498 2965 (quod
513 2896 616 2948 ironice
633 2896 718 2966 dicit.)
737 2899 770 2950 D.
791 2899 886 2969 atqui,
914 2901 1003 2971 Syre,
1026 2898 1080 2952 doe
1104 2919 1198 2954 verum
1219 2909 1261 2965 est,

292 2993 322 3037 et
343 2985 407 3052 ipsa
426 3001 456 3034 re
475 2984 615 3052 experiere
635 2981 810 3052 propediem.
844 2985 914 3036 Male
935 2987 1070 3037 Donatus:
1088 2990 1170 3057 atqui
1189 2983 1262 3037 abun·

206 3080 208 3084 ⁴
293 3067 343 3119 dut
368 3085 418 3138 per
440 3064 589 3135 παρέλκον.
624 3067 690 3117 Eun.
710 3064 743 3131 5,
763 3065 796 3132 1,
814 3067 840 3121 9.
872 3067 966 3121 Heaut.
994 3066 1077 3136 4,4‚
1095 3069 1123 3124 7.
1144 3073 1221 3143 atqui
1237 3080 1262 3121 tu

293 3152 364 3204 dane
384 3152 471 3206 iocari
490 3150 599 3205 credis?
609 3146 715 3221 faciet,
732 3152 788 3205 nisi
803 3171 896 3206 caveo.
914 3154 933 3204 i.
952 3173 977 3223 q.
1001 3156 1073 3223 atqui
1091 3174 1147 3208 non
1163 3158 1262 3208 iocatur.

241 3240 244 3245 '
292 3237 490 3290 D'ubitetionem
508 3247 628 3305 occupat,
647 3236 722 3307 eique
741 3237 944 3293 affirmationem
961 3242 1087 3309 opponit:
1104 3239 1217 3313 glaubst
1232 3239 1263 3294 du

292 3320 443 3384 vielmehr,
461 3324 503 3375 sie
518 3321 634 3376 scheme·

308 3425 340 3487 4.
368 3421 497 3486 Dicitur
512 3426 608 3512 atqui
633 3426 668 3490 in
690 3429 927 3493 asseveratione
951 3452 1007 3506 eu,
1032 3451 1116 3517 quae
1141 3431 1264 3496 ulterius

195 3578 198 3584 ,
224 3530 392 3574 assensum
418 3522 577 3658 occupat,
601 3534 644 3575 ne
660 3512 715 3576 ille
733 3512 773 3577 de
789 3514 924 3579 veritute
947 3516 1093 3597 dubitet,
1116 3521 1208 3603 quusi
1229 3518 1265 3579 sit

224 3595 400 3659 sententio:
427 3603 460 3658 ut
486 3596 592 3672 aiud,
629 3598 719 3682 quod
740 3620 782 3662 ex
805 3621 863 3663 suu
887 3610 979 3687 purte
1003 3604 1176 3686 convenit,
1194 3603 1265 3667 ‘hoc

223 3691 290 3745 est:
319 3691 359 3743 ut
381 3702 485 3761 sane,
517 3705 557 3744 ex
584 3681 699 3746 altera
723 3696 830 3769 parte
853 3708 947 3750 sone.
992 3688 1107 3752 Cicero
1140 3689 1182 3754 de
1211 3690 1266 3754 Se-

221 3777 307 3830 neet.
325 3770 379 3829 22.
394 3764 468 3828 iam
481 3789 563 3830 vero
581 3767 718 3848 videtin,
740 3771 830 3833 niliil
849 3794 919 3835 esee
940 3773 1135 3837 mortitam
1151 3775 1265 3853 simile,

219 3872 325 3938 quum
340 3872 505 3914 somnum.
535 3852 640 3939 Atqui
656 3853 899 3919 domiientium
915 3859 1027 3922 animi
1040 3862 1193 3926 maxime
1208 3860 1266 3925 de-

223 3937 361 4018 clarant
388 3935 608 4002 divinitatem
630 3962 740 4003 ereum.
773 3942 871 4005 vertit
892 3965 1007 4027 graecu
1031 3947 1130 4011 verbu
1151 3949 1267 4013 Xeno-

221 4021 376 4107 phontis:
392 4020 559 4102 tremene
575 4024 623 4101 δὲ,
641 4021 687 4090 dre
706 4023 859 4111 ἐγγύτερον
879 4030 933 4108 μὲν
947 4036 989 4116 τῷ
1006 4026 1195 4111 dedenarios>
1210 4042 1269 4098 θα-

218 4102 314 4195 miner.
331 4103 418 4172 οὐδέν
432 4109 513 4176 ἐστιν
527 4106 637 4178 ὕπνον.
664 4107 731 4193 ἡδὲ
747 4117 801 4177 τοῦ
815 4109 985 4198 ἀνθρώπου
999 4116 1082 4201 ψυχὴ
1098 4117 1140 4186 τό
1150 4103 1188 4185 ri
1209 4118 1269 4201 δή·
