2618 4770
465 378 468 385 .
515 323 679 407 ATQVE.
720 324 786 388 AG.
1102 329 1166 395 477

190 493 269 560 cuius
288 485 372 542 ucado
398 486 566 540 utentionem
581 477 662 550 feci,
691 479 716 531 si
740 476 821 530 nulla
845 497 888 534 res
906 480 1056 550 impediat,
1086 500 1166 539 nemo
1256 485 1259 489 ’

191 587 251 637 est,
271 577 318 645 qui
339 592 394 624 non
413 589 444 625 eo
465 556 518 641 quo
539 566 700 627 consuevit,
729 562 860 616 libentius
877 576 970 620 utatur
985 588 1067 639 quam
1083 576 1168 625 intra·

187 672 264 713 cteta
282 671 309 713 ct
324 675 406 712 nouo.
440 655 542 720 Vulgo:
561 654 648 721 atqui.
668 649 739 717 quod
758 658 827 700 esset
841 670 897 701 nun
916 649 999 705 aber:
1023 657 1167 723 requiritur

188 758 274 798 autem
289 744 346 798 ursel
365 759 405 794 so.
440 736 703 807 Quodpcernhardus
722 752 804 803 nuper
820 735 904 786 edidit
922 742 988 808 quin
1008 744 1069 810 ipso
1086 762 1165 814 equo,
1243 762 1248 769 ¹

186 834 216 883 in
234 833 285 882 hoc
300 829 404 898 quidem
423 834 546 876 contextu
562 821 676 887 intelligi
701 820 744 870 vix
762 831 865 887 potest,
894 839 978 890 neque
995 828 1112 895 exempla
1128 829 1167 881 ibi

160 925 162 945 ¹
190 926 340 986 comparata
366 911 532 963 conveniunt.
574 902 677 957 Mutata
705 907 865 956 constructio
889 906 917 960 in
940 911 1026 960 verbis
1054 933 1081 966 m
1104 917 1166 983 ipso
1257 912 1262 922 “

188 1019 257 1072 equo
275 1027 308 1040 -
326 1014 405 1051 nemo
426 1005 483 1060 est,
505 991 552 1064 qui
570 1008 627 1043 non
646 1007 677 1042 eo
697 1000 791 1041 utatur
807 992 904 1043 nullam
924 993 1096 1048 offensionem
1114 1000 1166 1050 ha-

168 1089 240 1140 .b0t,
276 1086 329 1138 Cic,
355 1103 382 1152 p.
405 1079 484 1130 Arch.
510 1097 536 1145 p.
554 1074 588 1140 7,
608 1074 650 1126 15.
671 1092 722 1144 ego
747 1074 851 1127 multos
876 1075 999 1133 hortinas
1020 1081 1169 1140 excellenti

189 1175 282 1225 animo
311 1190 343 1221 ac
365 1170 466 1219 virtute
486 1155 602 1230 fuisse,
628 1169 656 1212 ct
679 1163 739 1213 sine
767 1158 908 1227 doctrina,
935 1176 1052 1220 naturae
1079 1172 1168 1239 ipsius

191 1255 287 1309 habitu
307 1272 396 1323 prope
417 1249 530 1305 divino,
549 1263 600 1314 per
618 1262 647 1296 se
671 1244 748 1310 ipsos
775 1256 802 1297 et
823 1244 983 1300 moderatos
1009 1263 1038 1303 et
1067 1271 1169 1324 graves

189 1341 330 1395 exstitisse
343 1333 453 1406 fateor.
489 1328 589 1382 Etiam
606 1327 680 1379 illud
701 1327 844 1398 adiunge,
869 1336 981 1400 saepius
999 1335 1039 1387 ad
1057 1337 1169 1394 laudem

190 1437 273 1495 atque
293 1425 425 1474 virtutem
443 1428 573 1469 naturam
588 1414 647 1466 siue
666 1413 792 1466 doctriua
811 1432 893 1484 quam
919 1421 978 1470 sine
1002 1433 1101 1476 natura
1119 1446 1169 1480 va.
1240 1416 1244 1420 ’

192 1511 277 1562 luisse
294 1507 459 1559 doctrinam.
494 1503 587 1571 Atque
605 1497 678 1551 idem
702 1515 754 1568 ego
781 1498 935 1566 contendo,
962 1521 1044 1572 quum
1063 1509 1101 1560 ad
1120 1533 1169 1565 na.
1183 1504 1287 1593 sm

190 1607 281 1646 turam
315 1593 443 1643 eximiam
473 1595 562 1655 atque
588 1582 724 1634 illustrem
753 1588 897 1638 accesserit
927 1591 1000 1640 ratio
1033 1596 1171 1662 quaedam

191 1675 434 1747 conformatioque
466 1671 617 1724 doctrinae.
653 1667 710 1719 und
734 1685 765 1720 so
791 1666 929 1739 betaupce
955 1671 999 1725 icb
1033 1675 1169 1747 cassella,

198 1783 278 1816 wenn
297 1772 347 1812 etc.
376 1762 416 1810 De
435 1759 500 1825 Leg.
521 1757 553 1818 1,
572 1753 621 1835 16¹,
637 1748 681 1804 42.
708 1756 749 1807 ita
764 1752 821 1822 fit,
840 1765 871 1806 ut
898 1754 978 1809 nulla
1002 1761 1039 1812 sit
1058 1769 1170 1818 ommno
1233 1803 1237 1814 .

193 1850 320 1909 iustitia,
341 1845 365 1896 si
383 1862 468 1915 neque
485 1853 586 1894 natura
611 1849 669 1903 est,
687 1855 774 1908 eaque
792 1857 863 1910 quae
881 1852 996 1918 propter
1015 1845 1170 1903 utilitatem

195 1935 379 1994 constituitur,
396 1923 522 1981 utilitate
539 1924 592 1980 illa
612 1922 787 1976 convellitur.
822 1923 915 1996 Atque
939 1927 965 1977 si
984 1939 1085 1982 natuera
1108 1953 1172 1987 eon.

186 2016 342 2089 firmatura
367 2019 409 2069 ius
434 2031 491 2066 non
514 2015 582 2075 erit,
608 2009 726 2061 virtutes
752 2025 847 2061 omnes
874 2007 1016 2065 tollentur.
1049 2017 1068 2071 i.
1087 2038 1110 2070 e.
1137 2023 1173 2073 Et

193 2106 264 2169 item,
282 2103 304 2152 si
323 2111 416 2151 natura
434 2117 449 2150 a
465 2099 523 2149 iure
540 2096 693 2159 alienaest,
713 2093 825 2145 virtutes
849 2095 987 2149 tolluntur.
1020 2104 1095 2170 Apud
1111 2107 1171 2157 Ηο.

193 2189 288 2240 ratium
305 2191 358 2236 Sat.
384 2185 416 2248 1,
445 2183 494 2248 10,
522 2180 565 2233 31.
590 2196 659 2231 nnnc
686 2195 719 2230 ex
754 2176 936 2243 emendatione
963 2187 1075 2238 Bentleii
1100 2191 1172 2258 legi·

193 2284 236 2322 tur
254 2273 334 2340 atqui
355 2286 417 2341 ego.
452 2267 531 2331 Quod
556 2274 719 2318 correctores
747 2264 782 2314 ob
811 2266 1048 2324 contradictionem
1072 2276 1171 2328 substi-

195 2368 301 2409 tuerent
319 2355 348 2406 in
365 2352 495 2423 aliquibus
516 2350 659 2402 codicibus.
691 2348 846 2416 Elegantior
865 2351 896 2401 fit
914 2356 1000 2408 oratio
1020 2360 1173 2414 continuate
1264 2414 1267 2421 ,

117 2484 120 2488 Α
193 2464 241 2513 per
258 2454 342 2515 atque
359 2459 428 2512 ego,
447 2438 608 2506 quambene
627 2433 882 2509 cepitVWielandus.

210 2552 241 2610 3.
277 2545 372 2608 Retio
401 2543 482 2606 haec
507 2560 578 2603 non
602 2546 749 2601 mutatur
775 2536 811 2598 in
834 2541 1032 2608 narratione.
1075 2546 1114 2612 In
1138 2573 1174 2616 ea

126 2634 222 2697 enim¹
238 2618 300 2718 p'er
321 2646 441 2706 Areva
466 2624 678 2711 coniungitur
699 2619 1060 2711 {pslmeijmwafitea
1086 2634 1174 2702 dicta

125 2730 186 2798 est,
211 2717 352 2803 aequalis
369 2715 421 2778 vel
438 2709 688 2805 aequiparanda,
712 2717 745 2772 et
759 2728 841 2793 quae
857 2712 1050 2779 continuato
1067 2710 1175 2787 tractu

125 2795 673 2890 ...quereresnucser.··“f····'·“‘'''‘
777 2800 779 2805 ’
939 2829 942 2835 ·

231 2924 319 2976 Livius
344 2918 394 2987 ³9,
413 2920 464 2988 49,
484 2919 510 2970 9.
531 2936 614 2989 aegre
638 2909 832 2968 submoventes
858 2913 958 2970 obuios
984 2923 1089 2985 intrare
1110 2946 1176 2996 por.

129 3068 132 3073 ,
197 3022 272 3072 tam,
305 3011 352 3080 qui
381 3001 852 3073 adcluceb'ant'Philopoemenem,
877 3013 1039 3072 potuerunt.
1081 3012 1175 3083 Aequa

198 3089 327 3163 conferta
352 3088 433 3141 turba
460 3090 512 3142 iter
537 3086 852 3161 reliquumclauserat.
895 3090 1042 3142 Walchius
1062 3096 1176 3148 coniecit

161 3242 164 3247 ¹
197 3164 299 3251 aeque}
319 3176 390 3247 cuius
408 3174 490 3244 ipsius
508 3175 546 3226 vis
563 3175 632 3226 inest
650 3174 679 3224 in
694 3190 752 3261 qoc.
771 3181 864 3244 atque.

233 3285 264 3332 In
277 3279 364 3332 Taciti
381 3279 450 3328 Hist.
464 3273 496 3340 3,
515 3274 557 3330 30.
576 3277 780 3329 restituendum:
797 3295 830 3328 ac
846 3294 939 3329 rursus
957 3296 1032 3332 noua
1050 3279 1177 3334 laborum

193 3363 299 3437 facies.
340 3366 408 3416 Nam
437 3381 525 3414 sensus
552 3371 604 3414 est:
630 3373 660 3412 ut
684 3357 823 3412 incastris
845 3362 979 3428 capiendis
996 3383 1102 3432 magnus
1121 3378 1177 3419 erat

130 3451 132 3455 '
199 3453 295 3514 labor,
326 3450 365 3499 ita
394 3465 462 3500 nova
492 3445 611 3498 laborum
636 3448 718 3498 facies
743 3446 771 3496 in
796 3448 969 3513 oppugnanda
994 3449 1066 3503 urbe.
1116 3453 1178 3505 Unel
1245 3472 1260 3515 ⁸.

199 3537 298 3591 cbenso
317 3531 367 3586 bot
384 3532 441 3585 sict
460 3551 517 3584 nun
539 3550 608 3584 neue
636 3527 845 3600 Scbwieriglseit
871 3530 931 3583 dar.
965 3531 1008 3583 Sic
1025 3535 1090 3585 Plin.
1106 3539 1176 3591 Hist.

198 3640 225 3672 n.
243 3620 276 3686 2,
294 3617 344 3684 25,
360 3617 402 3670 23.
420 3621 449 3671 iu
470 3627 566 3669 nostro
585 3634 655 3669 aevo
673 3619 745 3669 circa
760 3611 947 3686 veneficium,
967 3635 1021 3686 quo
1043 3620 1177 3676 Claudius

205 3706 470 3774 Caesar‘imperiu'm
493 3702 606 3774 reliquit
632 3700 760 3755 Domitio
784 3701 909 3755 Neroni:
934 3719 967 3754 ac
985 3691 1085 3758 deiude
1102 3711 1178 3779 prin·

200 3796 297 3861 cipatu
320 3793 387 3842 eius.
933 3857 939 3867 .

235 3872 305 3925 Hinc
322 3888 399 3942 saepe
416 3891 432 3924 a
450 3873 565 3925 librariis
584 3875 678 3943 itaque
703 3866 871 3926 substitutum
891 3879 939 3927 est.
974 3871 1028 3924 vid.
1047 3877 1179 3930 Drakenb.

200 3959 305 4010 aeni..
322 3956 356 4023 5,
375 3957 425 4023 aa,
446 3956 487 4009 17.
506 3955 557 4038 to,
575 3957 623 4024 12,
643 3959 669 4010 e.

149 4135 152 4140 .
214 4061 247 4124 4.
277 4060 345 4124 Nec
365 4069 449 4148 puto
476 4083 531 4125 me
566 4061 608 4125 ad
633 4060 750 4126 falsum
774 4061 989 4127 subtilitatem
1015 4063 1178 4146 aberrare,
1208 4072 1210 4076 ’

129 4166 236 4233 quum
252 4145 346 4225 dico,
370 4164 492 4226 suove
506 4168 577 4239 non
592 4168 725 4237 semper
743 4148 785 4218 ud
804 4148 994 4237 superiore,
1017 4170 1100 4236 quae
1116 4171 1179 4217 an·
1231 4241 1233 4251 Ι
