2618 4770
136 274 202 340 aas
564 236 570 246 ¹
621 269 693 337 11.

135 472 137 477 .
206 427 235 479 ia
250 425 425 497 possibilitate
438 423 699 494 aequiescattrreluti
713 423 767 476 Cle.
782 423 816 475 ad
830 424 903 477 Fam.
921 421 1016 491 9.,19.
1031 432 1147 483 ωιτη]
1189 441 1197 479 1

206 510 281 565 illud
298 522 357 576 est,
374 510 449 582 qaod
465 521 496 562 ta
510 512 601 565 nescio
621 510 792 579 arr'primum
810 520 902 580 putes.
1065 570 1068 575 ,
1176 505 1197 589 'J

223 594 316 674 Quae
330 594 420 659 idem
438 592 649 671 Gernhardus
664 592 699 657 in
715 591 797 657 Exc.
814 615 855 681 ·p.
873 591 950 659 254.
963 591 1152 682 disputatis
1183 591 1197 603 ‘'

138 679 306 768 particulis
323 692 374 756 st,
399 702 459 759 ac,
476 679 628 743 sedeam
645 678 752 743 verbis
774 677 891 743 neseio
912 701 963 742 aa
986 679 1155 765 asmancia,

138 787 209 829 non
228 767 335 853 ipsam
362 764 448 828 hanc
471 761 652 839 formulam
675 763 856 849 attingunt,
888 761 948 827 sed
971 763 1156 831 admaturari

66 914 74 927 ,
138 851 274 914 istarum
295 849 529 937 particularum
545 849 728 937 pertinent:
753 866 956 933 quamquam
978 847 1015 913 in
1034 849 1074 913 iis
1091 861 1157 934 sunt,

139 958 222 1022 quae
237 936 293 998 vix
307 935 443 1021 probari
458 938 600 1021 possint,
623 928 733 1007 veluti,
756 945 790 998 et
804 935 913 997 minus
928 930 1085 1020 frequens
1099 956 1160 1015 1111,Ι

139 1023 218 1108 quip
246 1020 369 1105 equod
386 1041 457 1083 non
472 1031 586 1108 aptum
603 1019 709 1083 sit¹ad
730 1017 910 1105 iungendas
934 1040 988 1082 res
1011 1018 1158 1087 duania

61 1155 63 1159 <
140 1116 173 1169 et
194 1043 243 1169 aci
256 1105 462 1168 indicandam
494 1105 716 1203 upppsitionis
745 1105 826 1168 vim.
881 1103 984 1183 Quod
1005 1114 1159 1192 utrumque

139 1213 211 1254 non
229 1188 446 1254 confirmatur
464 1191 690 1277 experientia.
716 1189 785 1254 Nec
826 1187 962 1253 articula
981 1187 1047 1254 aad
1058 1200 1160 1257 manu
1183 1206 1197 1285 ’1

140 1299 185 1364 op
211 1275 388 1339 unitionem
409 1297 540 1363 semper
564 1275 732 1362 exprimit.
812 1275 851 1338 ic.
874 1273 975 1338 Tusa.
999 1279 1040 1352 3,
1065 1279 1101 1356 8,
1122 1281 1159 1341 11.
1193 1292 1197 1357 j

138 1385 174 1432 ae
214 1359 311 1424 lraud
330 1361 400 1424 scio
418 1383 465 1424 aa
488 1372 578 1425 recte
592 1383 642 1427 ,ea
667 1361 771 1425 virtus
782 1357 982 1447 frugalitas
1010 1359 1160 1446 appellari
1181 1366 1197 1431 ³}

136 1447 256 1533 possut.
280 1447 313 1509 in
332 1468 398 1531 quo
414 1447 491 1510 loco
507 1436 634 1510 salliiur
651 1455 684 1508 et
700 1445 921 1519 Gernhardus,
942 1446 998 1530 qui
1024 1444 1158 1512 anacolu-
1194 1450 1197 1471 ¹

140 1531 225 1596 then
243 1554 312 1596 esse
328 1532 504 1595 arbitratur
520 1535 615 1615 (nam
633 1552 662 1594 v.
678 1529 747 1594 ceri
762 1530 868 1593 etiam
882 1529 996 1594 simile
1013 1541 1064 1595 est
1077 1530 1159 1618 signi·

137 1616 238 1682 ficunt
254 1639 377 1680 nomen
393 1618 614 1702 temperantis
630 1615 769 1703 propius
786 1614 938 1679 accedere
959 1615 1000 1679 ad
1023 1616 1083 1688 reia
1095 1614 1158 1681 1111·

139 1701 266 1789 tatem),
287 1711 319 1765 et
327 1703 501 1782 Weberus,
548 1703 579 1765 ui
603 1724 638 1766 in
654 1723 684 1765 v.
701 1699 762 1765 sed
777 1722 924 1765 caussam
938 1709 1065 1765 temere
1080 1722 1159 1787 quas·
1177 1774 1180 1783 Ι

138 1790 201 1870 rit,
226 1810 285 1851 cur
298 1789 455 1852 sententia
468 1726 668 1873 intelligatur
681 1787 848 1872 negativa:
871 1785 942 1882 ipse
955 1785 1072 1851 Cicero
1087 1808 1157 1851 suam
1177 1796 1180 1803 '

129 1875 332 1938 sententium
354 1871 495 1935 affirmat
515 1878 572 1951 17,
596 1877 648 1935 36.
693 1871 846 1934 Ceterum
861 1892 927 1935 vam
947 1870 1046 1934 huius
1062 1871 1158 1936 dictio·

138 1960 189 2022 nis
216 1959 269 2022 alii
293 1956 520 2043 explicuerunt
544 1978 605 2042 per
626 1955 726 2019 verba
749 1957 890 2042 opinor,
926 1954 1092 2038 arbitror,
1119 1956 1157 2020 alii

137 2067 199 2131 per
212 2041 382 2130 fortasse.-
403 2042 549 2127 quadan
564 2063 633 2105 non
650 2041 772 2126 ubique
794 2040 866 2105 fieri
888 2042 1013 2138 possit,
1028 2120 1030 2125 ⁴
1044 2040 1086 2105 ob
1101 2064 1157 2107 me·

24 2202 25 2208 ἵ
139 2139 192 2190 tus
216 2127 387 2191 notionem
418 2127 585 2189 interdum
613 2125 795 2190 admixtam
821 2125 948 2190 dubitat
968 2127 1157 2191 Gernhardus

137 2213 173 2277 in
189 2212 321 2275 Comm.
338 2233 372 2296 p.
392 2216 442 2274 10.
488 2211 616 2274 Scilicet
631 2211 828 2275 vocabulum
837 2207 994 2297 sortasse
1015 2208 1105 2300 spem
1118 2211 1156 2276 ia·

138 2298 259 2360 dicaret
290 2295 538 2381 approbationis
571 2307 603 2360 et
632 2297 855 2359 coniecturam
877 2296 987 2361 iudicii
1013 2299 1054 2361 ed
1073 2300 1157 2386 ipsam

137 2404 210 2445 rem
240 2381 395 2459 relatam,
435 2382 527 2465 quasi
555 2382 737 2445 diceremus
758 2377 838 2467 fieri
854 2393 988 2467 potest,
1011 2394 1066 2447 ut.
1105 2380 1156 2466 (lic.

136 2467 229 2531 Brut.
250 2466 311 2546 41,
335 2467 406 2531 151.
427 2478 526 2552 atque
541 2466 720 2531 1111111111
741 2490 788 2560 ap
798 2489 869 2552 par
876 2466 1090 2553 principibus
1104 2488 1157 2531 esse

129 2551 319 2638 potuisset.-
358 2549 419 2614 sed
432 2549 587 2638 fortasse
611 2544 799 2615 1111111-
825 2552 1157 2620 11111111111111111

132 2637 305 2723 princeps.
337 2635 631 2707 1111111011111111
654 2634 851 2701 affirmando
874 2637 980 2701 reiicit
1000 2636 1157 2702 dubitatio-

58 2713 62 2727 ¹
137 2745 233 2803 nem,
260 2723 325 2786 hoc
342 2723 565 2786 coniecturam
582 2723 707 2809 colligit
728 2744 772 2790 ex
792 2721 862 2808 ipsa
877 2744 935 2787 re..
971 2723 1040 2786 Cic.
1061 2725 1094 2786 in
1107 2722 1157 2785 Ga·

135 2807 184 2871 til.
201 2811 241 2887 4,
259 2810 300 2886 5,
325 2812 356 2871 9.
379 2808 412 2870 si
435 2808 531 2872 eritis
554 2808 686 2894 sequuti
710 2807 916 2870 sententiam
940 2806 977 2872 C.
1008 2805 1157 2884 Caesaris,

127 2890 339 2978 ·-fortasse
356 2894 467 2956 minas
483 2905 598 2969 erunt,
621 2895 683 2957 laos
700 2904 837 2956 aristote
857 2903 889 2955 et
913 2894 1089 2979 cognitore
1108 2893 1157 2956 lat-

136 2977 226 3040 iusce
240 2979 444 3055 sententiae,
469 2979 554 3042 miti
568 2978 757 3063 populares
776 2979 918 3061 impetus
934 2980 1158 3063 pertimescen-

137 3061 195 3126 di:
216 3063 270 3125 sin
284 3062 384 3126 illam
401 3063 559 3138 (alteram,
574 3064 685 3127 neseio
710 3085 757 3125 aa
782 3084 839 3125 am
864 3062 930 3125 lius
945 3064 1033 3143 milri
1047 3059 1159 3150 negotii

124 3149 369 3223 contrairetur.
402 3149 423 3212 i.
445 3170 473 3212 e.
499 3169 633 3223 vereor,
660 3169 703 3210 ne
722 3085 944 3211 contraiiatur.
998 3148 1159 3213 Tamesis

136 3232 302 3298 vocabulis
323 3229 500 3318 forsitan,
520 3231 645 3320 forsan
669 3233 755 3295 inest
780 3232 889 3318 ipsum
918 3245 1096 3320 cognatum
1118 3253 1161 3296 aa.

120 3317 238 3397 Quod
253 3339 331 3380 vero
350 3317 559 3381 Gernhardus
585 3318 686 3380 inex
710 3317 864 3387 licatione
888 3314 1052 3383 formulae
1076 3322 1162 3382 inter-

123 3403 215 3466 ·dum
241 3402 394 3466 substitui
414 3403 504 3466 iubet
527 3403 566 3466 ad
588 3403 656 3466 Cic.
673 3341 743 3466 Cpat.
761 3407 811 3465 16.
835 3426 868 3488 p.
887 3407 958 3465 108.
980 3427 1102 3476 vereor
1122 3424 1163 3474 ae.

136 3489 251 3552 vereor
275 3498 322 3566 at,
344 3488 593 3573 quodammodo
618 3488 746 3550 admitti
768 3497 879 3572 potest
903 3487 946 3550 ob
964 3512 1055 3572 eam,
1080 3508 1165 3576 quam

134 3597 168 3661 p.
187 3578 260 3638 313.
278 3573 434 3647 diximus,
454 3584 730 3658 praeoccupatam
748 3572 949 3658 opinionem.
1024 3632 1028 3640 .

33 3658 37 3668 “
216 3659 265 3722 Β1
281 3657 468 3722 discrimine
482 3658 659 3722 verborum
676 3658 787 3728 neseio
804 3680 851 3719 aa
875 3666 907 3720 et
930 3656 1028 3719 liazid
1043 3657 1115 3720 1110
1131 3676 1167 3720 aa

132 3763 240 3830 nuper
256 3743 389 3807 demum
406 3765 560 3829 quaerere
575 3765 633 3806 coe
660 3742 755 3805 erunt
769 3743 984 3828 grammatici.
1017 3741 1062 3804 Et
1077 3741 1168 3806 Stall-

133 3825 284 3890 baumius
308 3828 347 3891 ad
365 3828 602 3892 Ruddimann.
649 3834 706 3892 .2.
733 3850 767 3913 p.
791 3831 864 3890 237.
894 3847 1055 3911 magnum
1083 3835 1170 3914 putat

49 3940 52 3945 ·
134 3933 203 3976 esse
228 3913 421 3991 discrimen,
459 3914 548 3999 quod
570 3934 673 3999 quum
694 3911 844 3998 plerique
872 3933 988 3975 omnes
1011 3912 1169 3998 neglexis-

133 4009 223 4074 sent,
247 4021 304 4061 eos
319 3998 354 4060 in
372 3998 478 4063 varios
498 4021 625 4063 errores
643 3996 812 4061 incidisse:
833 3997 944 4082 ipsum
959 4006 1072 4060 tamen
1088 3993 1171 4084 quad

134 4082 176 4147 sit
186 4083 356 4167 illud-non
367 4085 514 4173 exponit.
537 4082 745 4163 Gernhardus
759 4081 796 4151 in
814 4082 1004 4175 Commeat.
1019 4105 1056 4172 p.
1074 4089 1127 4151 11.
1141 4083 1172 4149 ia
