2618 4770
222 256 307 358 lea
580 287 768 379 ,trove
811 288 879 357 ec.

221 448 369 513 lllaraeru
392 431 511 510 trinae.
562 442 654 506 Alter
675 443 770 508 locus
795 443 851 509 ille
877 456 943 527 est,
974 467 1125 533 quem-'e
1146 450 1272 553 ,ludii

223 536 345 620 Georg.
367 531 471 594 modo
489 528 675 592 attulimus:
696 529 731 593 in
756 549 823 615 quo
844 529 974 619 Q
990 534 1141 622 explicat
1159 537 1212 600 cel
1258 577 1272 588 -

221 633 292 697 ter,
316 618 454 695 statim,
478 615 601 680 Gellius
620 623 729 679 autem
748 617 824 679 satis
848 617 1030 703 prudenter
1051 621 1117 696 ait,
1144 620 1272 689 obscure

221 718 254 771 et
271 707 484 789 insequenter
499 701 696 787 particulam
719 702 819 765 istam
841 703 987 788 positam
1013 727 1103 770 esse:
1129 705 1272 784 obscure,

137 814 140 833 ·
221 791 380 877 quoniam
397 790 457 852 ista
474 785 668 870 significatio
686 782 834 851 involuta
852 797 884 851 et
906 788 1022 854 leviter
1040 814 1205 878 expressa
1223 806 1272 873 est,
1301 856 1303 863 ,

220 880 442 962 insequenter,
455 872 612 958 quoniam
629 873 848 957 consequutio
866 871 912 938 rei
927 886 1073 940 notatur.
1100 876 1130 940 Ι.
1140 879 1183 942 Η.
1192 881 1273 943 Vos·
1301 872 1303 889 '

221 965 305 1041 sius,
335 961 423 1023 hunc
452 980 550 1021 usum
574 979 591 1021 a
614 957 821 1049 temporibus
846 959 975 1046 Virgilii
998 958 1151 1026 alienum
1177 976 1272 1039 ratus,
1301 966 1303 971 ’

222 1045 380 1114 orationis
403 1043 556 1108 membra
578 1043 623 1107 ita
647 1042 868 1130 conglutinat:
892 1067 962 1129 pon
990 1047 1103 1123 aliter,
1129 1053 1274 1136 quamsi

222 1138 294 1221 quis
310 1133 445 1211 edverso
462 1129 600 1194 flumine
625 1133 777 1216 navigans
802 1124 934 1195 brachia
959 1135 1107 1213 remisit,
1137 1157 1275 1223 eumque

221 1219 327 1285 amnis
352 1219 387 1281 in
410 1237 570 1303 praeceps
593 1216 689 1300 rapit.
735 1214 862 1296 Quibus
892 1217 1030 1282 omnino
1060 1223 1275 1307 perturbatur

221 1304 381 1369 sententia
396 1313 532 1389 poetae,
554 1300 611 1386 qui
627 1300 725 1364 illam
741 1301 893 1386 scripsit,
908 1302 1057 1368 lembum
1073 1306 1273 1395 intelligens,

221 1402 253 1456 et
277 1388 475 1474 interposuit
499 1398 616 1473 atque,
639 1409 710 1450 non
732 1397 769 1450 ut
795 1386 929 1452 adderet
951 1386 1069 1472 verba,
1093 1411 1181 1477 quae
1207 1405 1273 1457 tan·

219 1488 293 1541 tum
321 1472 534 1560 explicationi
559 1471 771 1545 inservirent,
803 1470 860 1540 sed
883 1484 919 1536 ut
942 1476 1033 1560 quod
1058 1479 1224 1563 proxime
1246 1490 1273 1544 et

220 1562 380 1627 contiuuo
404 1570 558 1645 tempore
575 1555 700 1627 fectum
725 1559 786 1638 sit,
815 1558 1036 1646 significanter
1059 1562 1271 1629 describeret.

219 1649 291 1713 Nos
309 1667 442 1733 quoque
457 1645 503 1708 ita
517 1644 705 1728 loquimur:
726 1641 799 1706 und
812 1667 849 1708 so
860 1642 957 1734 reisst
971 1644 1133 1746 ilmfort.
1158 1651 1271 1715 Ambi-

121 1732 130 1747 “
219 1735 309 1834 gitur
325 1742 453 1811 autem,
476 1739 590 1810 utrum
615 1729 772 1816 Virgilius
790 1738 867 1814 post
883 1752 912 1794 v.
929 1733 1063 1796 remisit
1081 1737 1269 1801 orationem

219 1818 415 1898 inhibuerit,
437 1825 473 1879 ut
489 1815 614 1900 reliqua
630 1838 691 1902 per
706 1837 741 1878 se
759 1815 978 1902 accipiantur.
1011 1841 1053 1883 au
1077 1819 1165 1885 haec
1190 1845 1267 1910 apo·

220 1905 317 1970 dosin
332 1902 486 1968 efficiant.
529 1900 616 1964 Nam
632 1901 666 1964 in
684 1899 904 1965 describendis
921 1902 978 1983 iis,
1002 1926 1086 1990 quae
1111 1913 1264 1972 continuo

219 2002 254 2055 et
271 1988 452 2055 necessario
468 2008 558 2051 nexu
573 1985 769 2065 cohaerent,
800 1996 831 2049 et
857 2009 939 2073 quac
962 1989 1074 2054 subito
1103 1992 1218 2059 effecta
1238 2005 1264 2058 et

219 2073 400 2164 improvisa
416 2084 511 2152 sunt,
535 2071 661 2149 verbis,
690 2093 772 2157 quae
787 2073 949 2158 apodesin
965 2078 1194 2162 constituunt,
1214 2079 1264 2144 ad-

219 2165 308 2241 ditur
324 2172 442 2246 atque,
465 2159 522 2222 ubi
538 2180 601 2220 nos
620 2157 758 2221 dicimus
774 2179 831 2221 so:
852 2159 886 2221 id
904 2160 994 2244 quod
1013 2171 1172 2250 'ex-parte
1190 2165 1261 2230 bene

218 2247 381 2314 intellexit
394 2243 558 2307 Acidalius
578 2245 612 2307 in
633 2244 778 2307 Divinat.
797 2242 830 2306 in
854 2245 959 2308 Plauti
978 2245 1049 2312 Mil.
1075 2271 1105 2313 c.
1124 2256 1157 2315 2.
1180 2252 1260 2316 Affe-

218 2345 298 2400 runt
324 2332 423 2394 etiam
441 2328 523 2392 illud
539 2327 718 2416 exlegibus
734 2327 797 2393 ΧΠ
812 2329 877 2393 tab.
892 2330 979 2416 apud
998 2333 1065 2396 Cic.
1082 2336 1127 2399 de
1141 2338 1188 2400 Le
1209 2324 1258 2417 Α,

219 2424 259 2499 4,
284 2423 315 2483 9.
335 2416 368 2478 si
384 2415 420 2478 in
436 2414 488 2478 ius
505 2425 620 2493 cocat,
643 2427 744 2502 atque
768 2427 835 2479 eat.
880 2416 943 2480 Sed
967 2416 1017 2482 his
1040 2441 1115 2485 non
1144 2361 1258 2487 iudea·

153 2542 158 2549 -
216 2515 291 2585 tur,
313 2500 425 2564 statim
444 2498 590 2564 eundum
607 2523 694 2579 esse,
717 2499 772 2565 sed
789 2503 985 2567 necessario.

299 2585 337 2650 Iu
352 2585 454 2672 quut.
470 2585 636 2673 Amphitr.
659 2592 697 2662 2,
723 2592 760 2666 1,
785 2591 836 2650 13.
857 2587 1010 2652 malum!
1030 2591 1123 2676 quod
1138 2592 1201 2658 tibi
1215 2593 1257 2658 dii

218 2663 367 2752 dabunt,
402 2664 503 2758 dique
533 2695 597 2759 ego
627 2671 729 2735 hodie
753 2669 853 2735 debe.
885 2673 1068 2759 explicant:
1098 2677 1134 2740 id
1158 2681 1256 2742 statim

217 2760 277 2824 tibi
293 2758 393 2822 hodie
416 2758 513 2822 dabo.
557 2756 632 2829 Sed
646 2757 821 2821 cohaerent
845 2757 942 2821 verba
962 2759 1026 2822 ita:
1042 2763 1183 2827 malum
1206 2765 1256 2828 tibi

217 2847 264 2910 dii
279 2844 419 2922 dabunt,
443 2854 475 2908 et
488 2844 534 2906 ita
548 2866 584 2907 re
599 2865 673 2907 vera
694 2864 754 2930 ego
777 2841 879 2906 hodie
905 2843 1003 2908 dabo.
1025 2911 1027 2915 ,
1050 2847 1153 2913 Cous.
1172 2851 1256 2914 Cure.

216 2933 255 3010 4,
280 2934 317 3005 4,
340 2931 389 2994 15.
409 2929 510 2993 Mero.
528 2934 568 3007 2,
591 2935 628 3003 ὃ,
653 2933 702 2992 17.
720 2952 808 2992 nam
819 2928 852 2992 si
869 2928 962 3011 dico,
985 2942 1024 2994 ut
1046 2955 1102 2998 res
1117 2947 1186 3016 est,
1207 2948 1255 3000 at·
1301 2964 1303 2971 ·

138 3021 144 3031 “
189 3032 193 3044 ’
216 3040 278 3104 que
294 3015 393 3078 illam
408 3016 494 3079 mitt
515 3036 569 3077 me
594 3012 712 3079 emisse
730 3014 863 3090 iudicO,
888 3016 1177 3101 quemadmodum
1192 3023 1256 3086 exi-

115 3122 120 3137 ¹
211 3113 338 3166 -stumet
354 3097 432 3164 me?
451 3100 590 3186 Atque
614 3098 715 3163 illam
733 3097 932 3174 abstrahat,
953 3113 1052 3166 trane
1071 3128 1171 3170 mare
1187 3107 1257 3170 binc

197 3209 339 3253 aenum
356 3197 517 3270 asportet.
561 3185 669 3250 Etiam
684 3186 719 3249 in
738 3183 789 3248 his
803 3187 1009 3272 grammatici
1034 3212 1171 3255 sensum
1193 3214 1256 3256 nou

214 3275 290 3338 satis
323 3280 563 3359 perceperunt,
596 3271 653 3335 sed
682 3270 1064 3338 alienaadmiscuerunt.
1127 3278 1257 3342 Perinde

214 3362 303 3424 enim
328 3366 395 3435 est,
426 3379 460 3421 ac
486 3358 512 3420 si
532 3367 632 3434 poeta
656 3355 806 3421 dixisset:
837 3357 924 3421 male
947 3381 1003 3424 me
1028 3360 1209 3429 existumet
1230 3373 1258 3427 et

212 3445 292 3510 item
308 3443 399 3517 illam
415 3440 591 3505 abstrahat.

295 3528 392 3615 Apud
421 3528 552 3591 Livium
579 3527 700 3613 legitur
720 3531 781 3607 26,
809 3533 867 3610 39,
892 3533 943 3593 16.
969 3527 1036 3592 Hic
1062 3529 1257 3611 Quinctium

212 3615 316 3677 simul
335 3606 549 3700 prtgiia'ntem
572 3613 830 3700 hortantemque
852 3637 929 3677 sraos
955 3615 1138 3678 incautum
1161 3619 1258 3681 hasta

211 3697 411 3785 transfigit:
433 3698 491 3762 ille
505 3710 605 3784 atque
616 3721 784 3784 praeceps
801 3722 877 3762 eum
892 3701 1166 3785 armisprocidit
1183 3714 1257 3766 aute

204 3805 362 3871 prorum.
387 3783 575 3848 Gronovius
592 3785 967 3871 interpretaturstatim,
984 3786 1160 3870 continuo,
1178 3789 1256 3853 Dra·

209 3869 435 3933 kenborchius
462 3870 502 3934 de
521 3870 656 3933 veritate
679 3871 859 3956 scripturae
879 3871 1016 3936 dubitat.
1060 3873 1132 3938 Nec
1158 3874 1256 3940 facilis

209 3966 259 4020 est
285 3957 552 4041 transpositionis
584 3955 729 4021 medela:
762 3966 862 4040 atque
890 3957 959 4022 ille.
1007 3957 1125 4023 Unum
1149 3971 1257 4035 restat,
1301 3999 1303 4009 ι

207 4052 246 4104 ut
260 4043 551 4132 concedamus&
554 4118 560 4130 .
573 4060 636 4110 vu.
664 4040 720 4103 ubi
745 4041 992 4130 cpntippanpret
1016 4041 1162 4110 subitam
1190 4069 1259 4111 rem
1296 4059 1298 4063 '

955 4116 1163 4139 m

206 4137 323 4208 notat,
343 4118 442 4193 etia‘m
454 4149 554 4193 secun
580 4151 599 4219 o
629 4123 693 4191 'deo
704 4118 931 4223 pini-,possm
959 4148 1050 4193 curus
1065 4151 1146 4195 usus
1161 4133 1258 4222 plura
