2618 4770
542 116 649 185 uu.
896 74 898 80 ’
960 186 965 199 ,
1056 126 1128 189 sss
1189 200 1192 204 Α

39 324 42 331 .
67 273 198 340 ceronn
213 281 272 337 ent
288 268 425 339 ilieuius
439 292 481 339 ex
497 273 658 362 probetis,
683 272 753 351 sed,
774 285 937 364 ut-euepe,
957 287 1118 363 corrupte

69 380 184 426 manus
198 356 394 441 scriberem,
418 360 510 424 cuius
525 361 692 448 specimen
708 361 807 427 etiem
824 361 986 448 praebent
1001 373 1117 448 poter-

74 446 163 511 need
179 445 250 525 Liv,
265 450 306 510 21
319 449 412 529 ,·85,ι
436 444 551 532 Iteque
567 457 599 510 et
613 446 679 512 hoc
694 446 773 511 loco
792 447 805 510 i
830 468 865 512 se
883 448 1039 535 cogitavit
1052 461 1116 513 eut

37 534 41 539 ’
77 532 122 598 rel
136 552 371 605 assummum.
404 528 474 595 Nec
499 532 593 595 aliter
605 531 678 597 fieri
695 542 816 631 oporte
840 542 873 596 et
889 555 918 595 o.
934 534 966 598 5.
983 534 1014 597 si
1027 556 1115 620 qun-

10 639 28 715 5·
81 631 147 683 tuor
160 641 201 682 uc
208 638 378 693 summum
386 617 566 705 quinque.“
588 618 695 705 Atque
712 629 757 683 itu
766 618 935 683 Victorius
953 618 992 681 ad
1007 612 1116 707 Epist.

10 742 13 783 ς
82 703 159 775 Fam.
172 709 205 785 2,
225 708 255 769 1.
280 703 398 769 Grnev.
417 700 458 767 ed
475 704 516 785 5,
541 709 581 769 12
597 714 629 769 et
646 704 705 781 14,
727 710 760 770 8.
788 702 816 769 Ι.
832 703 886 769 Fr.
906 705 1116 789 Gronov.¹ad
1143 736 1147 745 ·

12 780 19 805 '
83 788 140 854 Liv.
156 794 207 870 21,
227 788 281 869 85,
297 792 329 854 9.
358 786 398 853 In
412 788 490 853 Ioco
506 811 570 877 pro
583 789 656 856 Mil.
671 791 703 873 5,
726 795 777 855 12.
802 790 1001 855 Garatonius
1014 791 1114 855 resti-

10 921 19 953 ,
86 875 134 939 tuit
150 887 210 961 opt
223 895 412 963 summum,
436 873 507 939 eliis
522 876 683 965 exemplis
701 874 843 941 collutis.
871 875 948 940 Vid.
966 874 1033 940 eius
1047 898 1114 940 no-

46 982 49 987 ·
86 968 149 1025 tem.
176 959 306 1027 'Mirari
334 954 446 1043 iubet,
466 960 545 1025 'eur
571 961 716 1044 librarii,
751 960 810 1048 qui
829 961 928 1049 patrii
951 962 1114 1025 sermonis

87 1044 253 1111 imitatione
276 1044 357 1109 illud
377 1042 427 1110 nd
448 1068 617 1131 summum
633 1046 860 1127 effinxerunt,
881 1068 1047 1132 nusquam
1061 1056 1115 1109 ta-

10 1170 39 1221 ης.
85 1154 146 1199 men
165 1130 358 1219 scripserint
380 1130 430 1195 ud
450 1133 632 1197 minimum
639 1182 650 1216 ,
689 1155 789 1221 quam
813 1153 891 1195 uem
915 1132 1055 1221 Hispani
1083 1142 1115 1196 et

10 1222 38 1309 ἢ
84 1216 225 1301 Gonnum
253 1216 502 1297 eodemmodo
526 1217 560 1283 Io
586 1216 621 1283 ui
642 1216 763 1283 solent.
836 1218 881 1281 id.
909 1218 1047 1309 Sciopp.
1074 1216 1115 1283 de

10 1312 33 1377 t
83 1302 440 1391 susustorz'p.184.
457 1306 532 1369 190.
605 1304 780 1372 ebarbero
796 1302 845 1371 ecl
858 1302 971 1369 minue
991 1303 1115 1373 Goele.
1177 1302 1179 1307 ’

10 1382 22 1459 I
82 1390 142 1463 eins
152 1388 296 1455 Observ.
314 1390 352 1477 p'.
364 1388 442 1453 884.
519 1395 521 1399 '

13 1520 18 1527 ·
87 1550 90 1559 .
148 1488 243 1555 XIII.
286 1489 339 1554 An
361 1483 481 1556 vrcun'
495 1501 529 1555 et
543 1507 591 1558 Au
606 1506 740 1555 lus'rnu
753 1489 948 1556 recentioris
966 1498 1044 1553 sunt
1057 1511 1114 1553 ee-

13 1656 17 1661 ,
81 1578 116 1643 ti·
138 1572 367 1674 IlludIegitur
390 1576 477 1663 opud
500 1574 612 1641 Aurel·
633 1574 754 1642 Areud.
775 1574 910 1661 in'Dig.
927 1581 964 1654 1,
988 1579 1039 1637 11.
1067 1575 1115 1645 nd

30 1724 38 1733 ,
76 1665 170 1729 neem
191 1661 361 1748 magistri
376 1663 525 1749 equitum
542 1656 741 1759 praefectos
753 1661 936 1750 praetorio
960 1659 1114 1746 untiqui-

70 1761 117 1817 tus
140 1746 317 1813 institutos
344 1768 427 1811 esse.
461 1747 485 1811 i.
504 1771 535 1813 e.
554 1747 589 1810 in
605 1768 726 1813 vicem.
768 1748 834 1813 Sed
844 1746 976 1823 ,Gellius
999 1750 1036 1821 2,
1063 1746 1113 1823 15.

14 1848 18 1855 “
66 1834 276 1920 maioresque
292 1843 381 1896 reatu
399 1855 423 1896 n
438 1830 625 1899 minoribus
635 1831 834 1900 coutantur
851 1832 901 1898 nd
916 1830 1018 1896 deum
1024 1851 1113 1916 pro-

60 1942 107 2071 pe
129 1929 165 1983 et
178 1929 372 2004 'parentum
388 1918 511 1984 'uicem
532 1918 567 1983 id
582 1919 674 2004 quod
688 1919 813 1986 instar.
855 1920 907 1987 De
925 1917 991 1982 hoc
1011 1914 1113 1979 verbo
1144 1997 1146 2001 Ι
1272 1978 1275 1983 .

88 2003 197 2071 errius
214 2003 255 2067 ed
271 2004 331 2069 Vir
353 2003 390 2069 il.
406 2004 489 2069 Aen.
504 2009 541 2086 2,
559 2006 613 2069 15.
635 2004 752 2073 inetur
762 2029 887 2073 conten
901 2015 952 2069 est
965 1999 1121 2066 indecti-'
1241 2034 1244 2039 <

61 2089 190 2166 nubile,
210 2089 291 2153 licet
313 2161 315 2166 ,
346 2086 446 2154 robus
461 2090 606 2155 insturis
621 2087 861 2177 declinaverit,
884 2090 922 2154 tu
944 2087 1114 2153 necteris.-

60 2188 95 2243 et
112 2185 212 2241 curet
222 2174 494 2260 praepositione,
506 2176 599 2248 *sieut
607 2199 779 2325 peregres
798 2176 951 2265 quemvis
968 2171 1114 2237 Serenus

59 2262 191 2363 tyriotes
217 2258 267 2324 ud
289 2260 402 2323 instar
422 2259 609 2327 dixerim
656 2260 715 2344 12,
735 2268 812 2329 928.
827 2263 934 2327 addit:
966 2257 1056 2345 qnod
1076 2257 1134 2328 in,
1227 2268 1230 2273 '

59 2344 199 2417 idoneis
229 2364 300 2410 non
325 2345 496 2430 reperitur
523 2345 728 2412 auctoribus.
771 2348 903 2413 Pacuvii
926 2343 1115 2422 auctoritas,

59 2454 166 2522 quam
190 2429 345 2512 efferunt,
357 2431 451 2497 nullu
473 2441 536 2498 est.
575 2433 664 2498 Num
690 2433 761 2498 eius
780 2455 894 2499 versus
918 2433 953 2495 in
973 2428 1114 2493 Rhetor.

59 2520 103 2587 ed
129 2519 278 2585 Herenn-
301 2521 341 2598 2,
381 2522 435 2581 28.
458 2539 549 2582 nunc
573 2541 594 2583 e·
611 2517 705 2583 libris
728 2520 872 2607 antiquis
897 2512 1114 2595 correctile-

58 2613 198 2695 guntur.
224 2601 322 2668 Unus
338 2601 496 2688 Apuleius
511 2599 732 2689 ite¹loquutus
750 2616 811 2670 est.
841 2603 925 2669 Met.
941 2606 973 2667 9.
988 2623 1024 2686 p.
1038 2604 1114 2678 282,

60 2695 115 2757 16.
135 2687 225 2753 EIm.
273 2733 294 2786 ¹.
307 2690 383 2770 285,
405 2693 462 2752 27.
480 2689 523 2756 de
536 2689 667 2755 Mundo
688 2711 726 2778 p.
741 2696 803 2774 37,
825 2695 880 2757 89.
905 2687 954 2754 nei
974 2687 1037 2751 lzoc
1056 2685 1115 2748 in-¹

57 2788 139 2843 star
155 2795 239 2838 mun
266 2797 290 2836 ι.
880 2818 881 2823 1

144 2876 233 2959 „Pro
259 2873 373 2938 adhuc
391 2896 468 2939 cave
488 2897 597 2962 pones
620 2898 723 2966 usque
746 2874 796 2939 aci
809 2897 916 2955 nrrnc,
945 2875 1005 2938 etsi
1023 2873 1114 2938 Oro-

58 2961 131 3027 sius
160 2961 209 3024 ite
230 2959 389 3047 loquatur
411 2965 455 3042 7,
470 2965 505 3026 2.
532 2984 568 3050 p.
584 2963 662 3027 510.
690 2959 953 3041 Macedonicum
968 2982 1114 3049 regnum

58 3044 123 3135 sub
145 3046 374 3146 septentrione
399 3068 469 3113 esse
484 3068 561 3110 cum
577 3047 657 3133 ipen
671 3047 758 3113 coeli
765 3046 906 3136 plaga,
932 3057 1005 3110 tum
1028 3045 1114 3112 Ale-

56 3130 192 3199 xendre
214 3131 343 3218 Magni
367 3154 453 3197 orne
477 3132 623 3216 positae
647 3155 749 3219 usqne
780 3132 832 3197 ed
855 3129 1113 3208 51150(ηόΗί-

53 3216 182 3304 puceis
203 3215 372 3283 montibus
393 3215 555 3281 docent..“
599 3217 817 3283 schwartzius
833 3217 874 3282 nd
889 3216 1069 3281 Turseilin.
1085 3239 1112 3279 s.

60 3325 96 3367 v.
120 3300 245 3367 adluis.
286 3302 337 3366 De
357 3301 496 3383 barbprn
508 3300 708 3387 ioquutione
724 3303 773 3369 ad
787 3303 929 3373 interim
944 3303 1010 3369 vid.
1026 3300 1114 3366 Nol-

59 3397 130 3453 teu.
148 3387 185 3451 iu
200 3386 430 3475 supplement.
447 3408 486 3475 p.
500 3391 578 3452 121.

121 3478 236 3551 'xlv.
265 3489 313 3552 Vt
337 3485 418 3552 cline
438 3489 725 3575 praepositiones,
746 3489 847 3554 etiem
871 3508 918 3555 AD
938 3495 1018 3573 post
1031 3482 1127 3548 sub-‘
1197 3544 1200 3555 ,

56 3572 239 3637 eteritivum
259 3581 292 3638 ct
313 3583 394 3660 post
413 3596 605 3661 pronomen
628 3574 724 3662 poni,
750 3573 789 3638 nb
808 3573 878 3638 aliis
897 3581 1049 3637 notatum
1064 3578 1114 3634 est

57 3657 95 3731 in
117 3656 247 3810 legions.
280 3657 345 3729 vid.
369 3657 507 3725 Terent.
527 3658 668 3727 Phorm.
690 3666 734 3742 8,
753 3665 793 3743 2,
816 3664 873 3726 88.
894 3657 1001 3723 Tacit.
1024 3657 1112 3720 Ann-

60 3749 122 3825 is,
169 3749 200 3808 1.

142 3845 220 3910 XV.
253 3842 410 3910 Moserus·
428 3845 469 3909 sd
490 3846 560 3911 Cic.
582 3845 626 3911 de
645 3845 731 3932 Rep.
747 3851 786 3915 2,
809 3845 860 3908 15.
890 3865 928 3930 p.
943 3841 1017 3906 248.
1040 3844 1114 3907 oni-

58 3928 256 4013 maereret,
292 3929 432 4018 reperiri
463 3931 618 4020 exemplo
651 3928 904 4023 compositionis
932 3927 1127 4027 νοΐ-11912111,
