2618 4770
460 330 725 417 snervau.
809 404 812 409 ,
863 404 868 421 ι
1026 337 1119 403 sor

93 493 184 564 laturi
202 491 361 580 simplicis
383 491 513 556 nullum
532 499 684 571 notatum
708 486 814 552 habeo
838 489 1028 578 exemplum
1044 515 1119 558 cer-

93 595 155 649 um.
195 581 282 644 Nam
306 578 397 663 quod
423 601 465 642 ex
489 576 657 639 Ciceronis
673 574 815 661 Philipp.
842 580 879 658 1,
903 582 932 640 1.
957 579 1118 644 alternate

93 679 257 754 autequam
280 663 323 726 cle
344 663 519 749 republica
544 662 660 725 eliaam
681 684 741 740 ea,
773 681 859 747 qaae
886 660 1035 728 dicenda
1056 667 1120 729 boc

93 765 221 838 ternpore
246 747 415 829 arbitror,
444 770 611 834 exponam
627 745 716 810 uobis
730 745 874 809 breuiter
886 750 1064 812 consilium
1086 762 1121 815 et

93 835 292 926 arefectionis
321 846 353 899 et
378 834 583 898 reversionis
605 855 713 896 meae.
743 852 899 918 praesens
923 845 990 909 est,
1024 837 1120 903 utin

93 916 205 1010 'reliquis
225 922 294 985 Cic.
314 921 347 985 in
367 921 461 986 Verr.
485 926 523 994 2,
549 925 586 997 1,
606 924 638 982 2.
663 928 846 1004 antequam
867 915 910 982 de
931 920 1119 984 incommo-

93 1006 132 1072 dis
145 1007 287 1072 Siciliae
302 1005 391 1071 dico.
435 1005 548 1070 Parad.
567 1008 605 1084 6,
632 1009 667 1078 1,
690 1005 743 1067 45.
763 1025 948 1088 numquam
962 1006 1035 1069 eris
1061 1007 1120 1070 cli-

93 1115 147 1174 tes,
166 1103 357 1177 antequam
374 1090 437 1156 tibi
458 1115 498 1156 ex
514 1089 582 1154 tuis
593 1087 863 1174 possessionibus
878 1100 1015 1157 tantum
1037 1089 1121 1179 refi-

93 1181 221 1259 u'otur,
243 1181 339 1242 uteo
363 1177 452 1242 tueri
474 1189 532 1242 sex
555 1175 770 1261 legiones-
792 1175 918 1259 possis.
959 1176 1122 1242 Futurum

93 1274 226 1415 nactuqn
241 1263 397 1349 ponitur,
424 1263 492 1328 sive
513 1260 664 1327 futurum
686 1257 846 1346 simplex,
877 1261 943 1328 sive
967 1283 1121 1348 praesens

93 1349 249 1417 resecuit.
1089 1358 1092 1365 ’

106 1517 109 1521 -
157 1473 160 1477 ’
187 1488 242 1540 Cic.
263 1484 419 1551 661166,
438 1480 479 1537 14.
504 1493 654 1555 antequam
678 1481 773 1555 aliquo
797 1480 861 1537 loeo
880 1482 1047 1549 consedere,
1077 1506 1123 1540 ne·

141 1591 193 1645 que
210 1572 310 1644 longus
334 1591 352 1624 a
369 1590 426 1635 ure,
446 1588 533 1640 neque
551 1585 660 1638 semper
677 1585 737 1622 mea
752 1587 835 1620 mauu
853 1567 963 1622 litteras
980 1582 1123 1641 exspecta·

143 1655 195 1712 bis.
231 1659 264 1709 de
291 1660 364 1707 Orat.
387 1654 419 1726 3,
440 1653 491 1719 36,
521 1650 582 1708 146.
604 1672 692 1725 neque
719 1649 904 1725 defatigabor
928 1663 1011 1717 ante,
1039 1673 1124 1726 quam

143 1741 261 1798 illorum
281 1744 418 1810 ancipites
436 1742 498 1793 uias
517 1742 693 1809 rationesque
715 1748 744 1790 et
763 1754 815 1808 pro
837 1735 964 1791 omnibus
981 1748 1011 1791 et
1026 1749 1125 1792 contra
1170 1783 1172 1789 ,

125 1829 241 1896 ,661616
259 1824 426 1897 disputandi
440 1841 599 1894 percepero.
635 1824 669 1874 ad
684 1825 755 1874 Fam.
775 1824 825 1884 10,
844 1823 894 1888 16,
909 1811 935 1874 6.
960 1823 1016 1875 Liv.
1034 1823 1076 1890 88,
1094 1823 1123 1884 8,

145 1910 197 1964 10.
216 1930 265 1963 oea
289 1920 356 1963 ante
382 1927 434 1963 nos
452 1906 525 1963 'ltine
548 1909 733 1974 moverimus,
748 1927 830 1981 quam
847 1933 882 1946 —
903 1908 932 1961 G.
956 1906 1126 1963 Flaminium

140 1993 180 2048 ab
200 1996 312 2048 Arretio
329 2006 424 2064 patres
446 1983 624 2049 adsciverint.
658 1993 753 2061 Virgii.
772 1996 837 2044 Aen.
855 1991 890 2057 6,
910 1991 969 2045 140.
993 1993 1044 2046 sed
1068 2010 1126 2045 nou

143 2090 213 2135 ante
230 2079 315 2132 datur
334 2078 443 2133 telluris
464 2090 563 2151 operta
581 2077 691 2145 subire,
719 2082 877 2134 auricomos
898 2097 983 2152 quam
999 2081 1062 2150 quis
1080 2078 1127 2134 de.

143 2168 278 2238 eerpurit
298 2163 396 2220 arbore
406 2161 520 2236 foetus.

162 2289 196 2349 9.
217 2282 385 2348 Demodis
394 2279 621 2347 construendis
633 2280 766 2368 antiqua
783 2292 861 2346 sunt
876 2303 993 2368 praece
1017 2281 1127 2346 taSo·

93 2368 194 2458 ipatri
212 2369 351 2435 Charisii
366 2391 400 2455 p.
414 2375 489 2435 208.
506 2390 588 2455 quae
604 2369 719 2432 eadem
745 2368 832 2454 apud
855 2369 977 2434 Diome
1002 2389 1056 2431 em
1074 2367 1137 2432 les

93 2464 204 2527 untur
228 2478 262 2541 p.
286 2458 359 2519 889.
381 2467 566 2540 antequam
588 2453 689 2517 modo
710 2448 888 2539 finitivis,
919 2452 1128 2518 16666666-

93 2540 238 2604 unctiuis
266 2540 432 2626 iungitur,
454 2551 576 2604 contra
604 2561 645 2604 ac
668 2539 834 2623 superius.
893 2540 1014 2622 (Antea
1038 2539 1128 2603 enim

93 2632 253 2702 Locuerat,
276 2636 463 2712 postquam
495 2626 622 2711 quoties
648 2625 798 2688 iunctum
821 2622 1020 2711 accipiatur,
1052 2647 1130 2690 cum
1155 2657 1157 2664 ·
1199 2686 1215 2705 f.

93 2712 375 2884 initivo,.quoties
391 2720 578 2775 secernatur
598 2712 688 2795 post
698 2731 811 2797 quam,
826 2731 902 2773 oum
918 2708 1128 2777 subiunctivo

93 2797 255 2885 =0mp0ni.
293 2796 450 2861 [uinctum
465 2794 696 2874 subiunctiris,
712 2806 757 2868 ‚ut
775 2807 960 2883 antequam
975 2796 1130 2878 uenisset,
1214 2806 1232 2826 ⁸

93 2882 176 2948 lixi:
200 2882 407 2947 disiunctum
424 2879 589 2969 finitivis,
618 2893 655 2944 ut
679 2879 774 2966 apud
803 2879 1016 2966 Virgilium,
1048 2893 1130 2947 aute

93 2967 195 3033 >ridor
210 2991 313 3066 quam
326 2980 360 3032 te
378 2968 475 3033 aiolo.
525 2967 711 3032 Priscianus
727 2977 841 3031 tamen
858 2979 891 3030 et
912 2965 1043 3031 codices
1057 2989 1131 3032 uon

93 3055 182 3118 >auci
212 3076 248 3117 111
276 3054 405 3139 Virgilii
427 3054 516 3119 ¹loco
540 3052 697 3117 exhibent
723 3051 972 3116 coniunctivum
999 3052 1131 3118 riolem.
1230 3078 1233 3083 ·

93 3138 149 3204 rid.
178 3138 320 3202 Pieriam
348 3150 380 3202 et
401 3137 583 3203 Heinsium.
626 3136 829 3202 tinacertde
849 3135 989 3201 Emeod.
1014 3149 1129 3209 struet.

93 3247 117 3288 s.
136 3225 201 3293 352
217 3234 249 3287 et
266 3222 435 3311 Seyfertus
452 3225 601 3289 Gramm.
618 3222 660 3287 Τ.
679 3225 710 3289 5.
730 3246 765 3309 p.
780 3226 856 3289 281.
877 3223 1031 3310 exemplu
1046 3248 1130 3289 oon-

93 3303 184 3381 16116
199 3308 388 3372 attulerunt.
419 3309 483 3373 Sed
499 3307 579 3373 illud
597 3307 759 3397 Sosipatri
797 3318 988 3458 raecqqtum
1002 3312 1131 3374 ratione

93 3417 155 3460 uon
172 3404 240 3458 tam
258 3393 461 3474 destituitur,
492 3416 592 3478 quam
607 3394 660 3476 id,
686 3415 753 3480 quo
801 3416 838 3459 ea
861 3417 878 3473 e

93 3480 213 3555 satione
239 3479 310 3566 ipsa
335 3477 571 3545 confunditur.¹
608 3478 805 3546 ludicativus
833 3480 922 3545 enim
941 3491 1132 3576 usurpatur,

93 3587 190 3665 ptum
206 3588 258 3662 ros
273 3567 410 3652 ponitur
424 3573 541 3645 certa,
553 3585 637 3651 quae
658 3564 729 3629 fere
744 3565 954 3652 intelligitur,
978 3565 1036 3626 ubi
1053 3587 1133 3662 grn-

920 3393 1022 3470 cltur,
1054 3415 1132 3459 cum
1223 3445 1226 3449 ,

93 3673 179 3717 ruore
193 3673 225 3715 vi
240 3673 276 3713 m
291 3650 482 3716 adverbium
502 3661 583 3714 ante
606 3649 767 3714 collocata
792 3662 879 3715 certa
902 3659 1052 3737 tempora
1079 3650 1132 3714 61-
1232 3648 1254 3679 ”

93 3738 310 3824 tinguuntur.
362 3736 474 3816 Quare
492 3735 661 3799 disiunctis
682 3736 853 3800 vocabulis·
874 3745 957 3806 ante
971 3771 1015 3784 —-
1029 3757 1133 3821 quam

93 3822 284 3930 plerumque
307 3822 519 3902 indicativus,
554 3822 758 3913 praesertim¹
776 3820 956 3908 praesentis
981 3823 1132 3909 ponitur.

93 3907 150 3975 sed
169 3907 343 3986 convenit,
374 3908 563 3972 universum
577 3927 694 3989 usum,
723 3906 780 3993 qui
804 3905 901 3969 etiam
927 3904 1132 3971 adverbum

93 3995 286 4080 priusquam
299 3992 463 4140 pertinet,
483 3993 700 4079 persingulas
715 4001 825 4078 partes
848 3992 1065 4070 constituere,
1089 4015 1132 4058 ne

93 4100 165 4143 :um
181 4078 351 4143 nonnulis
366 4078 587 4162 grammaticis
611 4079 718 4142 nostri
738 4087 805 4140 tem
833 4076 900 4138 oris
918 4076 1084 4158 rationem
1099 4088 1133 4144 et
1186 4125 1188 4131 2

93 4164 265 4232 liserimen
280 4185 447 4251 negemus.
471 4162 547 4230 Vid.
561 4164 697 4253 Zumpt.
713 4163 788 4230 676.
808 4099 987 4231 1166161666
994 4184 1029 4251 p.
1037 4166 1090 4229 67.
