2618 4770
522 310 624 402 'asu
666 333 738 401 ar.
778 346 783 354 ·

464 524 624 613 ΛΒΤ.
683 525 837 622 ΑΤ.Ι

153 704 157 709 ’
197 693 348 759 Primum
364 689 542 758 deforma.
592 708 662 758 Asr
684 700 717 758 et
739 711 788 761 tr
809 689 906 758 unius
932 695 1083 762 vocabuli
1099 697 1183 762 du·-

109 777 236 863 plicem
253 777 399 842 formam
419 800 498 859 esse,
514 787 546 843 et
567 779 862 866 grammaticorum
882 780 1095 867 antiquorum
1110 796 1163 849 te·

109 865 267 929 stimonia
284 874 315 928 et
330 884 408 941 usus
425 864 556 942 docent.
579 865 712 929 Festus:
731 872 803 928 ast
819 861 999 950 significat
1014 879 1071 949 at,
1091 870 1180 942 aed,-

109 951 171 1033 ναξ
184 962 310 1015 cirtem.
343 949 509 1017 Charisius
531 972 566 1038 p.
592 950 667 1014 204.
697 960 753 1014 ast
771 952 859 1036 apud
883 952 1036 1038 antiquos
1059 944 1162 1019 usito-¹
1177 978 1184 997 ·’

109 1042 186 1100 tum
202 1058 280 1120 esse
292 1038 396 1099 notat.
429 1036 471 1100 Et
486 1035 607 1122 legitur
622 1035 809 1101 etiamnunc
825 1032 860 1100 in
868 1037 1018 1123 ‘antiquis
1034 1038 1161 1124 legibus

109 1119 306 1188 etformulis
319 1118 407 1208 apud
416 1122 522 1186 Cicer.
532 1121 572 1184 de
580 1121 660 1208 Lug.
678 1127 709 1201 2,
719 1125 750 1201 8,
772 1125 821 1186 19.
839 1121 909 1186 Liv.
924 1126 973 1196 10,
993 1126 1043 1205 19,
1063 1130 1111 1188 17.
1125 1127 1162 1190 in

109 1206 311 1296 quibusdem
327 1206 413 1271 lotis
435 1206 539 1272 Plauti
557 1217 590 1271 et
603 1207 636 1292 in
654 1206 822 1270 Ciceronis
838 1207 998 1292 Epistolis
1019 1209 1059 1273 ad
1077 1212 1162 1278 Atti-

109 1315 208 1377 qumz
232 1290 322 1378 qu'od
339 1312 407 1356 non
432 1291 475 1354 ob
491 1293 587 1356 aliam
610 1312 759 1370 caussam
782 1291 908 1356 factum
933 1315 1002 1358 esse
1020 1292 1161 1377 videtur,

109 1398 217 1467 quarn
233 1377 380 1464 quiahae
396 1379 553 1465 epistolae
569 1396 640 1440 non
658 1387 794 1440 tantum
818 1386 975 1464 expertas
991 1390 1069 1443 sunt
1086 1404 1161 1447 cor·
1224 1389 1240 1444 ’.
1288 1445 1290 1449 ,

109 1464 298 1533 rectionem
325 1461 555 1543 librariorum,
595 1473 757 1550 quantum
781 1463 901 1549 reliqui
929 1462 1007 1527 libri
1032 1486 1160 1532 ornnes.
1259 1492 1264 1503 ,

109 1544 318 1636 Haberemus
335 1546 396 1614 alia
410 1549 560 1635 exempla
576 1548 698 1620 multa,
726 1548 791 1612 nisi
805 1550 1009 1633 grammatici
1024 1549 1103 1614 haec
1120 1574 1162 1617 ex

111 1658 171 1725 sus
186 1635 423 1699 consuetudine
438 1639 631 1698 mutassent.
674 1633 783 1715 Poetis
800 1656 868 1697 non
885 1645 1016 1720 poterat
1028 1638 1162 1721 antiqua

111 1721 229 1787 forma,
241 1716 343 1807 eripi,
376 1722 499 1808 quippe
516 1743 598 1806 quae
614 1719 868 1808 productionem
888 1718 1031 1806 syllabae
1052 1719 1161 1786 effice-

110 1817 175 1874 ret.
220 1801 336 1871 Exstat
351 1811 461 1877 autem
482 1829 517 1869 ea
532 1808 567 1870 in
584 1803 736 1885 Lucretii,
758 1802 899 1890 Virgilii,
920 1804 1053 1883 Ovidii,
1076 1807 1186 1871 elio-'
1296 1852 1308 1863 .

109 1913 257 1978 rumque
292 1889 504 1977 carminibus.
532 1973 534 1976 Α
558 1888 643 1972 Qus
666 1887 771 1955 modo
786 1899 788 1902 ’
803 1888 947 1976 prosaici
982 1892 1159 1978 scriptores
1184 1904 1188 1911 ‘

109 1996 209 2043 usum
223 1974 442 2064 adhibuerint,
461 1973 560 2041 hodie
576 1998 642 2040 non
654 1972 869 2062 facilepotest
881 1959 1048 2047 constilu'i.
1091 1978 1160 2042 Ne-

112 2084 178 2150 que
195 2084 274 2128 vero
292 2060 531 2142 dubitabimus,
551 2059 634 2148 quin
649 2058 716 2126 iam
734 2058 976 2148 antiquioribus
994 2061 1161 2148 tempori·
1192 2087 1196 2106 ¹

111 2145 174 2214 bus
192 2150 323 2235 cognita
338 2148 438 2212 fuerit
452 2146 564 2212 forma
584 2157 632 2212 at.
655 2160 734 2211 narn
752 2155 893 2235 cognata
909 2157 986 2211 sunt
1002 2148 1162 2214 vocabula

113 2226 170 2314 cd,
193 2228 307 2317 αὐτὰρ,
330 2225 423 2318 ἆτᾶρ,
448 2244 502 2309 nt,
520 2241 552 2298 et
568 2230 659 2318 quod
677 2234 803 2298 dictum
821 2242 892 2298 erat
908 2244 964 2297 ast
980 2234 1161 2318 eademra-
1257 2296 1261 2301 .

112 2323 241 2398 tione,¹
280 2342 321 2384 ua
351 2321 469 2384 Graeci
489 2315 641 2402 γνωστός,
660 2311 830 2399 taracona
852 2329 884 2384 et
909 2318 970 2382 ulia
994 2318 1159 2384 dixerunt.

113 2407 201 2472 Alios
216 2343 357 2484 scilicet,
385 2428 468 2492 quae
493 2406 614 2468 nostris
631 2395 853 2490 grammaticis
868 2402 1080 2503 placuerunt,
1103 2404 1162 2493 de-
1218 2437 1220 2441 v

112 2492 291 2557 rivationes
325 2509 441 2554 omnes
465 2488 561 2554 unius
585 2491 795 2554 aestimemus
826 2514 914 2555 assis.
974 2487 1162 2555 Schellerus

109 2578 204 2642 'enim
220 2573 429 2641 existimabat
445 2577 616 2661 antiquum
629 2575 764 2639 verbum
779 2570 878 2640 fuisse
889 2586 973 2657 aret,
989 2575 1040 2640 vel
1056 2575 1142 2640 asad
1150 2602 1161 2638 .-

114 2663 202 2729 unde
218 2660 344 2729 factum
364 2672 448 2726 esset
465 2662 691 2725 contractione
707 2668 778 2740 ast,
799 2668 831 2725 et
847 2662 968 2730 omissa
984 2662 1091 2747 prima
1105 2660 1162 2725 lit..
1247 2666 1250 2671 “

115 2756 183 2817 tera
197 2747 280 2815 sed:
305 2757 374 2810 tum
393 2748 527 2811 demum
543 2742 667 2810 dietum
685 2767 753 2810 esse
765 2757 817 2812 at.
855 2746 933 2826 Quo
950 2745 1092 2810 mirabili
1108 2769 1162 2809 ar-

116 2833 218 2905 tificio
239 2831 404 2920 permulta
419 2833 480 2897 alia
496 2830 652 2897 vocabula
676 2844 727 2913 et,
750 2845 828 2906 aut,
858 2843 973 2895 autem
997 2831 1162 2896 adunam

115 2919 281 3008 originem
302 2918 398 2989 facilc
421 2914 602 2982 revocabis:
655 2918 719 2982 Sed
752 2917 952 3004 argumentis
974 2936 1028 2980 ma
1052 2915 1078 2982 is
1103 2916 1163 2981 de-

114 3007 248 3085 stituta,
268 3023 309 3069 ue
324 3003 433 3068 dicam
453 3005 593 3069 absurda
615 3009 707 3068 erant
732 3026 787 3082 ea,
819 3024 901 3089 quae
925 2939 1096 3068 Scheidius
1120 3002 1165 3075 ad

112 3090 227 3157 Senot.
242 3089 384 3161 Minerv.
400 3113 434 3176 Ρ.
451 3095 524 3155 670.
545 3091 733 3177 proposuit,
754 3100 791 3152 at
807 3089 870 3153 dici
892 3106 952 3175 pro
969 3087 1033 3169 ari,
1059 3096 1096 3152 ut
1112 3090 1174 3158 sic,

135 3198 177 3242 ro
201 3172 284 3253 sici,
317 3196 450 3260 esseque
471 3177 616 3240 dativum
631 3173 683 3239 vel
698 3171 875 3240 ablativum
898 3172 1042 3240 nominis
1058 3173 1163 3238 obso-

109 3198 171 3327 leti
187 3249 259 3337 ciacc
273 3255 339 3336 sive
353 3254 447 3338 ἆθος,
476 3259 566 3348 quod
582 3286 616 3348 p.
632 3261 663 3326 3.
680 3259 719 3324 ab
735 3258 804 3324 duaa
822 3254 1019 3333 deductum,
1047 3271 1163 3325 exten-

109 3347 244 3412 sionem
263 3347 329 3410 sive
351 3349 620 3434 protensionem,
650 3344 790 3444 ideoque
811 3343 889 3411 litus
911 3341 1095 3432 significare
1112 3343 1164 3408 di-

110 3437 231 3497 xerat:
254 3428 298 3494 itu
317 3433 370 3497 ati
382 3432 520 3518 proprie
538 3427 819 3514 essoobterrstone,
841 3451 1001 3497 occursu:
1023 3428 1175 3518 denique.

109 3538 181 3606 pro
199 3504 271 3592 ἆτος
284 3537 347 3605 per
361 3539 467 3606 syrico
486 3541 536 3592 ‚en
556 3515 626 3583 fieri
643 3525 697 3582 cus
714 3529 744 3582 et
762 3517 1024 3606 permetathesin
1037 3525 1101 3579 ast.
1114 3514 1164 3579 lta

113 3601 295 3689 aliquando
323 3624 363 3667 ex
384 3539 561 3670 subtilitate
577 3602 728 3670 delirium
752 3605 910 3669 nascitur.
953 3603 1166 3687 Quamquam

113 3685 198 3761 haec
223 3683 350 3754 curiose
377 3687 539 3777 disputata
571 3699 682 3754 censet
712 3684 1101 3777 Baumgarten-Grusius
1129 3688 1166 3750 in
1258 3734 1261 3738 ι

116 3771 210 3838 Clavi
229 3773 365 3838 Sueton.
385 3793 421 3861 p.
442 3777 513 3842 159.
540 3771 624 3840 Nec
638 3774 748 3839 minus
762 3772 846 3840 falsa<
858 3781 954 3851 sunt,
976 3793 1059 3859 quae
1074 3772 1166 3836 Doe-

115 3856 225 3925 lekius
240 3860 275 3935 in
294 3861 497 3948 Grammep.
517 3862 589 3926 141.
602 3860 647 3926 'de
663 3855 859 3949 cognatione
875 3860 963 3949 uocis
980 3868 1012 3923 et
1028 3859 1164 3922 notavit.
1219 3929 1222 3935 ,

198 3975 238 4042 In
255 3975 455 4044 emolliendo
471 4001 553 4045 sono
570 3987 719 4046 veterum
741 3979 893 4045 nonnulli
911 4000 950 4043 eo
966 3962 1181 4067 processisse*
1291 3992 1295 3999 '

115 4063 290 4145 videntur,
313 4077 349 4152 ut
365 4065 415 4130 ad
427 4069 682 4152 pronuntiarent
701 4074 733 4130 et
749 4065 942 4129 scriberent.
984 4061 1179 4138 NamGhae‘
1220 4068 1223 4075 “

116 4151 214 4239 risius
232 4173 267 4240 p.
282 4152 358 4247 203.
376 4159 420 4219 at
429 4172 498 4240 pro
513 4163 667 4231 aretem.
689 4148 982 4230 LiciniasOalaus
996 4148 1035 4216 in
1043 4144 1167 4235 Eusci-

169 4261 177 4270 ”
224 4288 228 4295 ·
267 4276 270 4281 '
464 4257 473 4272 ⁹
873 4254 915 4318 27
