<?xml version="1.0" encoding="UTF-8"?>
<!DOCTYPE html PUBLIC "-//W3C//DTD XHTML 1.0 Transitional//EN"
    "http://www.w3.org/TR/xhtml1/DTD/xhtml1-transitional.dtd">
<html xmlns="http://www.w3.org/1999/xhtml" xml:lang="en" lang="en">
 <head>
  <title>
</title>
<meta http-equiv="Content-Type" content="text/html;charset=utf-8" />
  <meta name='ocr-system' content='tesseract 3.04.00' />
  <meta name='ocr-capabilities' content='ocr_page ocr_carea ocr_par ocr_line ocrx_word'/>
</head>
<body>
  <div class='ocr_page' id='page_1' title='image "./tursellinusseud03handgoog_0065.png"; bbox 0 0 2618 4770; ppageno 0'>
   <div class='ocr_carea' id='block_1_1' title="bbox 9 292 798 415">
    <p class='ocr_par' dir='ltr' id='par_1_1' title="bbox 9 292 798 415">
     <span class='ocr_line' id='line_1_1' title="bbox 9 292 798 415; baseline -0.016 -5"><span class='ocrx_word' id='word_1_1' title='bbox 9 324 15 341; x_wconf 83' lang='lat'>‘</span> <span class='ocrx_word' id='word_1_2' title='bbox 119 345 193 408; x_wconf 55' lang='lat' dir='ltr'>as¹</span> <span class='ocrx_word' id='word_1_3' title='bbox 497 336 544 415; x_wconf 79' lang='lat' dir='ltr'>u,</span> <span class='ocrx_word' id='word_1_4' title='bbox 588 292 681 415; x_wconf 67' lang='lat' dir='ltr'>AB,</span> <span class='ocrx_word' id='word_1_5' title='bbox 707 333 798 399; x_wconf 75' lang='lat' dir='ltr'>aas,</span> 
     </span>
    </p>
   </div>
   <div class='ocr_carea' id='block_1_2' title="bbox 188 462 1145 659">
    <p class='ocr_par' dir='ltr' id='par_1_2' title="bbox 188 462 1145 659">
     <span class='ocr_line' id='line_1_2' title="bbox 190 462 1091 568; baseline -0.016 -19"><span class='ocrx_word' id='word_1_6' title='bbox 190 506 275 568; x_wconf 77' lang='lat' dir='ltr'>arque</span> <span class='ocrx_word' id='word_1_7' title='bbox 302 510 320 545; x_wconf 82' lang='lat' dir='ltr'>e</span> <span class='ocrx_word' id='word_1_8' title='bbox 339 508 369 547; x_wconf 81' lang='lat' dir='ltr'>ee</span> <span class='ocrx_word' id='word_1_9' title='bbox 385 462 525 548; x_wconf 58' lang='lat' dir='ltr'>removere</span> <span class='ocrx_word' id='word_1_10' title='bbox 549 497 671 560; x_wconf 78' lang='lat' dir='ltr'>cuperet.</span> <span class='ocrx_word' id='word_1_11' title='bbox 698 488 771 556; x_wconf 86' lang='lat' dir='ltr'>¹qnod</span> <span class='ocrx_word' id='word_1_12' title='bbox 796 487 899 539; x_wconf 87' lang='lat' dir='ltr'>inversa</span> <span class='ocrx_word' id='word_1_13' title='bbox 927 486 1033 538; x_wconf 72' lang='lat' dir='ltr'>radone</span> <span class='ocrx_word' id='word_1_14' title='bbox 1056 481 1091 535; x_wconf 89' lang='lat' dir='ltr'>de</span> 
     </span>
     <span class='ocr_line' id='line_1_3' title="bbox 188 566 1145 659; baseline -0.014 -25"><span class='ocrx_word' id='word_1_15' title='bbox 188 600 244 659; x_wconf 75' lang='lat' dir='ltr'>egr.</span> <span class='ocrx_word' id='word_1_16' title='bbox 258 580 292 644; x_wconf 84' lang='lat'>2,</span> <span class='ocrx_word' id='word_1_17' title='bbox 314 578 349 642; x_wconf 84' lang='lat'>8,</span> <span class='ocrx_word' id='word_1_18' title='bbox 364 576 408 629; x_wconf 75' lang='lat'>22.</span> <span class='ocrx_word' id='word_1_19' title='bbox 432 593 541 630; x_wconf 82' lang='lat' dir='ltr'>renrove</span> <span class='ocrx_word' id='word_1_20' title='bbox 559 587 587 630; x_wconf 86' lang='lat' dir='ltr'>te</span> <span class='ocrx_word' id='word_1_21' title='bbox 603 593 622 627; x_wconf 81' lang='lat' dir='ltr'>a</span> <span class='ocrx_word' id='word_1_22' title='bbox 637 576 794 644; x_wconf 76' lang='lat' dir='ltr'><em>suspicione</em></span> <span class='ocrx_word' id='word_1_23' title='bbox 808 570 928 625; x_wconf 77' lang='lat' dir='ltr'>alicuius</span> <span class='ocrx_word' id='word_1_24' title='bbox 941 573 983 624; x_wconf 83' lang='lat' dir='ltr'>tui</span> <span class='ocrx_word' id='word_1_25' title='bbox 995 566 1145 623; x_wconf 81' lang='lat' dir='ltr'>commodi.</span> 
     </span>
    </p>
   </div>
   <div class='ocr_carea' id='block_1_3' title="bbox 108 670 1182 2360">
    <p class='ocr_par' dir='ltr' id='par_1_3' title="bbox 108 670 1181 1931">
     <span class='ocr_line' id='line_1_4' title="bbox 223 670 1165 741; baseline -0.016 -5"><span class='ocrx_word' id='word_1_26' title='bbox 223 686 288 736; x_wconf 86' lang='lat' dir='ltr'>Cum</span> <span class='ocrx_word' id='word_1_27' title='bbox 314 681 355 732; x_wconf 90' lang='lat' dir='ltr'>his</span> <span class='ocrx_word' id='word_1_28' title='bbox 379 679 465 732; x_wconf 86' lang='lat' dir='ltr'>verbis</span> <span class='ocrx_word' id='word_1_29' title='bbox 488 679 567 731; x_wconf 88' lang='lat' dir='ltr'>etiam</span> <span class='ocrx_word' id='word_1_30' title='bbox 585 678 669 731; x_wconf 87' lang='lat' dir='ltr'>solum</span> <span class='ocrx_word' id='word_1_31' title='bbox 687 674 827 727; x_wconf 82' lang='lat' dir='ltr'>ablativum</span> <span class='ocrx_word' id='word_1_32' title='bbox 845 690 899 725; x_wconf 90' lang='lat' dir='ltr'>nou</span> <span class='ocrx_word' id='word_1_33' title='bbox 913 673 1016 724; x_wconf 80' lang='lat' dir='ltr'>adiectu</span> <span class='ocrx_word' id='word_1_34' title='bbox 1031 670 1165 741; x_wconf 77' lang='lat' dir='ltr'>praeposi·</span> 
     </span>
     <span class='ocr_line' id='line_1_5' title="bbox 189 756 1165 832; baseline -0.017 -10"><span class='ocrx_word' id='word_1_35' title='bbox 189 771 263 822; x_wconf 88' lang='lat' dir='ltr'>tione</span> <span class='ocrx_word' id='word_1_36' title='bbox 286 764 426 832; x_wconf 83' lang='lat' dir='ltr'>coniungi,</span> <span class='ocrx_word' id='word_1_37' title='bbox 454 763 649 816; x_wconf 85' lang='lat' dir='ltr'>demonstratur</span> <span class='ocrx_word' id='word_1_38' title='bbox 680 761 707 811; x_wconf 91' lang='lat' dir='ltr'>in</span> <span class='ocrx_word' id='word_1_39' title='bbox 729 757 908 826; x_wconf 85' lang='lat' dir='ltr'>grammatica.</span> <span class='ocrx_word' id='word_1_40' title='bbox 950 756 1011 812; x_wconf 87' lang='lat' dir='ltr'>Vid.</span> <span class='ocrx_word' id='word_1_41' title='bbox 1032 759 1165 808; x_wconf 78' lang='lat' dir='ltr'>Burmann.</span> 
     </span>
     <span class='ocr_line' id='line_1_6' title="bbox 187 837 1164 917; baseline -0.015 -10"><span class='ocrx_word' id='word_1_42' title='bbox 187 855 222 907; x_wconf 87' lang='lat' dir='ltr'>ud</span> <span class='ocrx_word' id='word_1_43' title='bbox 240 856 338 904; x_wconf 85' lang='lat' dir='ltr'>Lucan.</span> <span class='ocrx_word' id='word_1_44' title='bbox 358 845 392 911; x_wconf 79' lang='lat'>6,</span> <span class='ocrx_word' id='word_1_45' title='bbox 416 847 475 902; x_wconf 77' lang='lat'><strong>128.</strong></span> <span class='ocrx_word' id='word_1_46' title='bbox 500 848 593 899; x_wconf 79' lang='lat' dir='ltr'>¹Beier.</span> <span class='ocrx_word' id='word_1_47' title='bbox 620 846 654 898; x_wconf 89' lang='lat' dir='ltr'>ad</span> <span class='ocrx_word' id='word_1_48' title='bbox 679 845 735 899; x_wconf 85' lang='lat' dir='ltr'>Cic.</span> <span class='ocrx_word' id='word_1_49' title='bbox 756 861 784 911; x_wconf 86' lang='lat' dir='ltr'>p.</span> <span class='ocrx_word' id='word_1_50' title='bbox 801 843 871 896; x_wconf 86' lang='lat' dir='ltr'><strong>Tull.</strong></span> <span class='ocrx_word' id='word_1_51' title='bbox 889 837 914 893; x_wconf 86' lang='lat'>5.</span> <span class='ocrx_word' id='word_1_52' title='bbox 938 841 1080 917; x_wconf 64' lang='lat' dir='ltr'>Seyffertus</span> <span class='ocrx_word' id='word_1_53' title='bbox 1100 837 1164 899; x_wconf 70' lang='lat' dir='ltr'>&#39;M</span> 
     </span>
     <span class='ocr_line' id='line_1_7' title="bbox 119 925 1165 1008; baseline -0.011 -19"><span class='ocrx_word' id='word_1_54' title='bbox 119 994 124 1003; x_wconf 40' lang='lat'>¹</span> <span class='ocrx_word' id='word_1_55' title='bbox 190 959 217 1008; x_wconf 80' lang='lat' dir='ltr'>p.</span> <span class='ocrx_word' id='word_1_56' title='bbox 233 935 293 989; x_wconf 93' lang='grc'><strong>181.</strong></span> <span class='ocrx_word' id='word_1_57' title='bbox 320 933 434 1003; x_wconf 88' lang='lat' dir='ltr'>primus,</span> <span class='ocrx_word' id='word_1_58' title='bbox 471 942 500 983; x_wconf 93' lang='lat' dir='ltr'>ut</span> <span class='ocrx_word' id='word_1_59' title='bbox 519 930 639 994; x_wconf 86' lang='lat' dir='ltr'>videtur,</span> <span class='ocrx_word' id='word_1_60' title='bbox 675 928 795 980; x_wconf 88' lang='lat' dir='ltr'>subtilius</span> <span class='ocrx_word' id='word_1_61' title='bbox 822 927 971 979; x_wconf 71' lang='lat' dir='ltr'><strong>observavit</strong></span> <span class='ocrx_word' id='word_1_62' title='bbox 988 925 1053 976; x_wconf 87' lang='lat' dir='ltr'>eddi</span> <span class='ocrx_word' id='word_1_63' title='bbox 1074 942 1165 996; x_wconf 70' lang='lat' dir='ltr'>sempe</span> 
     </span>
     <span class='ocr_line' id='line_1_8' title="bbox 188 1009 1164 1091; baseline -0.015 -17"><span class='ocrx_word' id='word_1_64' title='bbox 188 1019 430 1091; x_wconf 76' lang='lat' dir='ltr'>praepositionem,</span> <span class='ocrx_word' id='word_1_65' title='bbox 456 1018 500 1068; x_wconf 90' lang='lat' dir='ltr'>ubi</span> <span class='ocrx_word' id='word_1_66' title='bbox 530 1018 643 1070; x_wconf 87' lang='lat' dir='ltr'>remotio</span> <span class='ocrx_word' id='word_1_67' title='bbox 663 1017 706 1068; x_wconf 85' lang='lat' dir='ltr'>vel</span> <span class='ocrx_word' id='word_1_68' title='bbox 730 1013 861 1083; x_wconf 79' lang='lat' dir='ltr'>separatio</span> <span class='ocrx_word' id='word_1_69' title='bbox 889 1011 937 1081; x_wconf 84' lang='lat' dir='ltr'>iiut</span> <span class='ocrx_word' id='word_1_70' title='bbox 959 1010 992 1062; x_wconf 86' lang='lat' dir='ltr'>ab</span> <span class='ocrx_word' id='word_1_71' title='bbox 1013 1009 1164 1075; x_wconf 51' lang='lat' dir='ltr'>bominibus</span> 
     </span>
     <span class='ocr_line' id='line_1_9' title="bbox 190 1093 1164 1169; baseline -0.01 -11"><span class='ocrx_word' id='word_1_72' title='bbox 190 1124 245 1158; x_wconf 90' lang='lat' dir='ltr'>nou</span> <span class='ocrx_word' id='word_1_73' title='bbox 268 1123 284 1156; x_wconf 89' lang='lat' dir='ltr'>a</span> <span class='ocrx_word' id='word_1_74' title='bbox 307 1104 384 1158; x_wconf 87' lang='lat' dir='ltr'>rebus</span> <span class='ocrx_word' id='word_1_75' title='bbox 407 1102 538 1154; x_wconf 84' lang='lat' dir='ltr'>inanimis.</span> <span class='ocrx_word' id='word_1_76' title='bbox 571 1101 677 1169; x_wconf 80' lang='lat' dir='ltr'>Reliqui</span> <span class='ocrx_word' id='word_1_77' title='bbox 702 1118 759 1151; x_wconf 88' lang='lat' dir='ltr'>eum</span> <span class='ocrx_word' id='word_1_78' title='bbox 780 1096 885 1166; x_wconf 84' lang='lat' dir='ltr'>sequuti</span> <span class='ocrx_word' id='word_1_79' title='bbox 910 1104 980 1146; x_wconf 84' lang='lat' dir='ltr'>sunt.</span> <span class='ocrx_word' id='word_1_80' title='bbox 1014 1093 1070 1147; x_wconf 77' lang='lat' dir='ltr'>Sed</span> <span class='ocrx_word' id='word_1_81' title='bbox 1089 1094 1164 1148; x_wconf 78' lang='lat' dir='ltr'>critiri</span> 
     </span>
     <span class='ocr_line' id='line_1_10' title="bbox 190 1179 1181 1263; baseline -0.007 -23"><span class='ocrx_word' id='word_1_82' title='bbox 190 1190 248 1241; x_wconf 88' lang='lat' dir='ltr'>eine</span> <span class='ocrx_word' id='word_1_83' title='bbox 271 1206 362 1241; x_wconf 71' lang='lat' dir='ltr'>mussa</span> <span class='ocrx_word' id='word_1_84' title='bbox 383 1188 567 1241; x_wconf 80' lang='lat' dir='ltr'>dubitaverunt</span> <span class='ocrx_word' id='word_1_85' title='bbox 588 1186 621 1237; x_wconf 89' lang='lat' dir='ltr'>de</span> <span class='ocrx_word' id='word_1_86' title='bbox 641 1203 689 1237; x_wconf 84' lang='lat' dir='ltr'>usu</span> <span class='ocrx_word' id='word_1_87' title='bbox 710 1184 897 1236; x_wconf 87' lang='lat' dir='ltr'>nonnullorum</span> <span class='ocrx_word' id='word_1_88' title='bbox 910 1179 1073 1245; x_wconf 62' lang='lat' dir='ltr'>verborum}</span> <span class='ocrx_word' id='word_1_89' title='bbox 1094 1180 1181 1263; x_wconf 66' lang='lat' dir='ltr'>velud</span> 
     </span>
     <span class='ocr_line' id='line_1_11' title="bbox 189 1261 1181 1343; baseline -0.007 -15"><span class='ocrx_word' id='word_1_90' title='bbox 189 1272 296 1329; x_wconf 80' lang='lat' dir='ltr'>abesse.</span> <span class='ocrx_word' id='word_1_91' title='bbox 331 1274 387 1326; x_wconf 85' lang='lat' dir='ltr'>cic.</span> <span class='ocrx_word' id='word_1_92' title='bbox 412 1272 446 1324; x_wconf 86' lang='lat' dir='ltr'>ad</span> <span class='ocrx_word' id='word_1_93' title='bbox 464 1274 537 1324; x_wconf 86' lang='lat' dir='ltr'>Fam.</span> <span class='ocrx_word' id='word_1_94' title='bbox 555 1267 589 1336; x_wconf 77' lang='lat'>4,</span> <span class='ocrx_word' id='word_1_95' title='bbox 609 1269 636 1325; x_wconf 89' lang='lat'>6.</span> <span class='ocrx_word' id='word_1_96' title='bbox 659 1273 754 1343; x_wconf 83' lang='lat' dir='ltr'>itaque</span> <span class='ocrx_word' id='word_1_97' title='bbox 777 1280 804 1324; x_wconf 87' lang='lat' dir='ltr'>et</span> <span class='ocrx_word' id='word_1_98' title='bbox 818 1267 903 1321; x_wconf 90' lang='lat' dir='ltr'>domo</span> <span class='ocrx_word' id='word_1_99' title='bbox 924 1261 1024 1318; x_wconf 77' lang='lat' dir='ltr'>absum</span> <span class='ocrx_word' id='word_1_100' title='bbox 1050 1277 1080 1321; x_wconf 81' lang='lat' dir='ltr'>et</span> <span class='ocrx_word' id='word_1_101' title='bbox 1091 1262 1181 1341; x_wconf 51' lang='lat' dir='ltr'>fore„</span> 
     </span>
     <span class='ocr_line' id='line_1_12' title="bbox 188 1342 1164 1429; baseline -0.004 -19"><span class='ocrx_word' id='word_1_102' title='bbox 188 1357 217 1423; x_wconf 87' lang='grc'>6,</span> <span class='ocrx_word' id='word_1_103' title='bbox 235 1356 278 1429; x_wconf 81' lang='lat'>15,</span> <span class='ocrx_word' id='word_1_104' title='bbox 297 1355 341 1414; x_wconf 77' lang='lat' dir='ltr'>liic</span> <span class='ocrx_word' id='word_1_105' title='bbox 364 1368 394 1410; x_wconf 83' lang='lat' dir='ltr'>tu</span> <span class='ocrx_word' id='word_1_106' title='bbox 409 1376 442 1412; x_wconf 83' lang='lat' dir='ltr'>ea</span> <span class='ocrx_word' id='word_1_107' title='bbox 458 1353 688 1412; x_wconf 74' lang='lat' dir='ltr'>meaberseurlte</span> <span class='ocrx_word' id='word_1_108' title='bbox 704 1356 823 1411; x_wconf 82' lang='lat' dir='ltr'>mireris.</span> <span class='ocrx_word' id='word_1_109' title='bbox 851 1353 884 1405; x_wconf 87' lang='lat' dir='ltr'>de</span> <span class='ocrx_word' id='word_1_110' title='bbox 901 1353 964 1419; x_wconf 77' lang='lat' dir='ltr'>Lag.</span> <span class='ocrx_word' id='word_1_111' title='bbox 985 1348 1022 1415; x_wconf 89' lang='lat'>1,</span> <span class='ocrx_word' id='word_1_112' title='bbox 1038 1349 1068 1417; x_wconf 75' lang='lat'>2,</span> <span class='ocrx_word' id='word_1_113' title='bbox 1083 1347 1108 1405; x_wconf 85' lang='grc'>6.</span> <span class='ocrx_word' id='word_1_114' title='bbox 1123 1342 1164 1406; x_wconf 76' lang='lat' dir='ltr'>ad·</span> 
     </span>
     <span class='ocr_line' id='line_1_13' title="bbox 186 1435 1163 1499; baseline -0.008 0"><span class='ocrx_word' id='word_1_115' title='bbox 186 1454 235 1499; x_wconf 42' lang='lat' dir='ltr'>*est</span> <span class='ocrx_word' id='word_1_116' title='bbox 263 1446 336 1497; x_wconf 82' lang='lat' dir='ltr'>enim</span> <span class='ocrx_word' id='word_1_117' title='bbox 365 1440 483 1497; x_wconf 78' lang='lat' dir='ltr'>historia</span> <span class='ocrx_word' id='word_1_118' title='bbox 505 1439 619 1496; x_wconf 84' lang='lat' dir='ltr'>-iitterir</span> <span class='ocrx_word' id='word_1_119' title='bbox 650 1444 763 1496; x_wconf 85' lang='lat' dir='ltr'>nostris.</span> <span class='ocrx_word' id='word_1_120' title='bbox 788 1437 833 1490; x_wconf 89' lang='lat' dir='ltr'>ubi</span> <span class='ocrx_word' id='word_1_121' title='bbox 862 1453 917 1489; x_wconf 91' lang='lat' dir='ltr'>uon</span> <span class='ocrx_word' id='word_1_122' title='bbox 942 1435 1094 1489; x_wconf 80' lang='lat' dir='ltr'>uecese‘erie</span> <span class='ocrx_word' id='word_1_123' title='bbox 1115 1446 1163 1491; x_wconf 83' lang='lat' dir='ltr'>eret</span> 
     </span>
     <span class='ocr_line' id='line_1_14' title="bbox 193 1515 1162 1586; baseline -0.004 -6"><span class='ocrx_word' id='word_1_124' title='bbox 193 1530 315 1583; x_wconf 82' lang='lat' dir='ltr'>Greuzeri</span> <span class='ocrx_word' id='word_1_125' title='bbox 339 1527 487 1580; x_wconf 80' lang='lat' dir='ltr'>emendatio</span> <span class='ocrx_word' id='word_1_126' title='bbox 514 1545 533 1577; x_wconf 83' lang='lat' dir='ltr'>a</span> <span class='ocrx_word' id='word_1_127' title='bbox 557 1524 670 1584; x_wconf 82' lang='lat' dir='ltr'>litteris.</span> <span class='ocrx_word' id='word_1_128' title='bbox 694 1527 738 1580; x_wconf 36' lang='lat' dir='ltr'>,de</span> <span class='ocrx_word' id='word_1_129' title='bbox 760 1523 838 1576; x_wconf 84' lang='lat' dir='ltr'>Offic.</span> <span class='ocrx_word' id='word_1_130' title='bbox 862 1515 971 1586; x_wconf 73' lang='grc'><strong>1,,11,</strong></span> <span class='ocrx_word' id='word_1_131' title='bbox 998 1515 1044 1574; x_wconf 76' lang='lat'>48.</span> <span class='ocrx_word' id='word_1_132' title='bbox 1068 1531 1162 1576; x_wconf 63' lang='lat' dir='ltr'>unere</span> 
     </span>
     <span class='ocr_line' id='line_1_15' title="bbox 191 1605 1158 1687; baseline -0.006 -20"><span class='ocrx_word' id='word_1_133' title='bbox 191 1611 272 1667; x_wconf 79' lang='lat' dir='ltr'>abest</span> <span class='ocrx_word' id='word_1_134' title='bbox 292 1611 399 1687; x_wconf 77' lang='lat' dir='ltr'>officio.</span> <span class='ocrx_word' id='word_1_135' title='bbox 424 1611 495 1682; x_wconf 89' lang='lat' dir='ltr'>quod</span> <span class='ocrx_word' id='word_1_136' title='bbox 516 1629 550 1663; x_wconf 90' lang='lat' dir='ltr'>ne</span> <span class='ocrx_word' id='word_1_137' title='bbox 570 1629 619 1680; x_wconf 90' lang='lat' dir='ltr'>pro</span> <span class='ocrx_word' id='word_1_138' title='bbox 645 1612 734 1663; x_wconf 85' lang='lat' dir='ltr'>dativo</span> <span class='ocrx_word' id='word_1_139' title='bbox 760 1609 942 1679; x_wconf 80' lang='lat' dir='ltr'>acciperetur,</span> <span class='ocrx_word' id='word_1_140' title='bbox 972 1605 1055 1658; x_wconf 82' lang='lat' dir='ltr'>doute</span> <span class='ocrx_word' id='word_1_141' title='bbox 1074 1610 1158 1661; x_wconf 63' lang='lat' dir='ltr'>aaut</span> 
     </span>
     <span class='ocr_line' id='line_1_16' title="bbox 193 1688 1161 1766; baseline -0.006 -16"><span class='ocrx_word' id='word_1_142' title='bbox 193 1700 308 1751; x_wconf 87' lang='lat' dir='ltr'>Beierne.</span> <span class='ocrx_word' id='word_1_143' title='bbox 338 1697 415 1756; x_wconf 85' lang='lat' dir='ltr'>ovid.</span> <span class='ocrx_word' id='word_1_144' title='bbox 438 1700 512 1750; x_wconf 79' lang='lat' dir='ltr'>Rem.</span> <span class='ocrx_word' id='word_1_145' title='bbox 537 1713 587 1747; x_wconf 90' lang='lat' dir='ltr'>am.</span> <span class='ocrx_word' id='word_1_146' title='bbox 610 1694 670 1748; x_wconf 84' lang='lat'>774.</span> <span class='ocrx_word' id='word_1_147' title='bbox 692 1705 722 1750; x_wconf 77' lang='lat' dir='ltr'>er</span> <span class='ocrx_word' id='word_1_148' title='bbox 735 1705 851 1766; x_wconf 79' lang='lat' dir='ltr'>poteras</span> <span class='ocrx_word' id='word_1_149' title='bbox 867 1700 958 1762; x_wconf 80' lang='lat' dir='ltr'>nuptu</span> <span class='ocrx_word' id='word_1_150' title='bbox 977 1688 1071 1747; x_wconf 69' lang='lat' dir='ltr'>heres</span> <span class='ocrx_word' id='word_1_151' title='bbox 1079 1690 1161 1750; x_wconf 63' lang='lat' dir='ltr'>neu</span> 
     </span>
     <span class='ocr_line' id='line_1_17' title="bbox 192 1777 1165 1851; baseline -0.005 -15"><span class='ocrx_word' id='word_1_152' title='bbox 192 1794 252 1837; x_wconf 75' lang='lat' dir='ltr'>tua.</span> <span class='ocrx_word' id='word_1_153' title='bbox 283 1786 324 1837; x_wconf 88' lang='lat' dir='ltr'>De</span> <span class='ocrx_word' id='word_1_154' title='bbox 346 1783 544 1836; x_wconf 88' lang='lat' dir='ltr'>constructione</span> <span class='ocrx_word' id='word_1_155' title='bbox 575 1781 648 1832; x_wconf 89' lang='lat' dir='ltr'>verbi</span> <span class='ocrx_word' id='word_1_156' title='bbox 679 1797 737 1832; x_wconf 88' lang='lat' dir='ltr'>cum</span> <span class='ocrx_word' id='word_1_157' title='bbox 766 1778 854 1831; x_wconf 87' lang='lat' dir='ltr'>dativo</span> <span class='ocrx_word' id='word_1_158' title='bbox 878 1785 991 1845; x_wconf 80' lang='lat' dir='ltr'>egerunt</span> <span class='ocrx_word' id='word_1_159' title='bbox 1004 1777 1165 1851; x_wconf 72' lang='lat' dir='ltr'>Oudendorp.</span> 
     </span>
     <span class='ocr_line' id='line_1_18' title="bbox 108 1859 972 1931; baseline -0.009 -11"><span class='ocrx_word' id='word_1_160' title='bbox 108 1888 112 1893; x_wconf 93' lang='lat'>·</span> <span class='ocrx_word' id='word_1_161' title='bbox 190 1868 226 1919; x_wconf 88' lang='lat' dir='ltr'>ad</span> <span class='ocrx_word' id='word_1_162' title='bbox 241 1870 316 1920; x_wconf 84' lang='lat' dir='ltr'>Caes.</span> <span class='ocrx_word' id='word_1_163' title='bbox 334 1872 363 1924; x_wconf 88' lang='lat' dir='ltr'>B.</span> <span class='ocrx_word' id='word_1_164' title='bbox 386 1869 456 1920; x_wconf 83' lang='lat' dir='ltr'>Gall·</span> <span class='ocrx_word' id='word_1_165' title='bbox 475 1867 507 1931; x_wconf 93' lang='lat'>1,</span> <span class='ocrx_word' id='word_1_166' title='bbox 527 1865 571 1920; x_wconf 84' lang='grc'>87.</span> <span class='ocrx_word' id='word_1_167' title='bbox 597 1865 704 1917; x_wconf 83' lang='lat' dir='ltr'>Ellendt</span> <span class='ocrx_word' id='word_1_168' title='bbox 721 1863 754 1916; x_wconf 89' lang='lat' dir='ltr'>ad</span> <span class='ocrx_word' id='word_1_169' title='bbox 773 1863 828 1920; x_wconf 73' lang='lat' dir='ltr'>oio.</span> <span class='ocrx_word' id='word_1_170' title='bbox 838 1866 912 1916; x_wconf 89' lang='lat' dir='ltr'>Brut.</span> <span class='ocrx_word' id='word_1_171' title='bbox 929 1859 972 1913; x_wconf 87' lang='grc'>70.</span> 
     </span>
    </p>

    <p class='ocr_par' dir='ltr' id='par_1_4' title="bbox 229 1942 1166 2022">
     <span class='ocr_line' id='line_1_19' title="bbox 229 1942 1166 2022; baseline -0.003 -18"><span class='ocrx_word' id='word_1_172' title='bbox 229 1956 288 2016; x_wconf 85' lang='lat' dir='ltr'>Qua</span> <span class='ocrx_word' id='word_1_173' title='bbox 314 1953 507 2021; x_wconf 81' lang='lat' dir='ltr'>significatione</span> <span class='ocrx_word' id='word_1_174' title='bbox 543 1950 669 2002; x_wconf 86' lang='lat' dir='ltr'>differant</span> <span class='ocrx_word' id='word_1_175' title='bbox 695 1950 823 2002; x_wconf 77' lang='lat' dir='ltr'>formulae</span> <span class='ocrx_word' id='word_1_176' title='bbox 845 1946 955 2003; x_wconf 81' lang='lat' dir='ltr'>alienus</span> <span class='ocrx_word' id='word_1_177' title='bbox 973 1945 1011 2000; x_wconf 85' lang='lat' dir='ltr'>ub</span> <span class='ocrx_word' id='word_1_178' title='bbox 1028 1942 1124 2022; x_wconf 71' lang='lat' dir='ltr'>ulique</span> <span class='ocrx_word' id='word_1_179' title='bbox 1143 1957 1166 2002; x_wconf 87' lang='lat' dir='ltr'>et</span> 
     </span>
    </p>

    <p class='ocr_par' dir='ltr' id='par_1_5' title="bbox 173 2027 1182 2360">
     <span class='ocr_line' id='line_1_20' title="bbox 192 2027 1052 2110; baseline -0.008 -20"><span class='ocrx_word' id='word_1_180' title='bbox 192 2034 305 2091; x_wconf 82' lang='lat' dir='ltr'>alienas</span> <span class='ocrx_word' id='word_1_181' title='bbox 317 2035 416 2110; x_wconf 79' lang='lat' dir='ltr'>aliqua</span> <span class='ocrx_word' id='word_1_182' title='bbox 434 2055 472 2100; x_wconf 86' lang='lat' dir='ltr'>re,</span> <span class='ocrx_word' id='word_1_183' title='bbox 489 2035 613 2106; x_wconf 86' lang='lat' dir='ltr'>exposuit</span> <span class='ocrx_word' id='word_1_184' title='bbox 624 2034 758 2104; x_wconf 86' lang='lat' dir='ltr'>Zumptius</span> <span class='ocrx_word' id='word_1_185' title='bbox 776 2035 804 2086; x_wconf 91' lang='lat' dir='ltr'>in</span> <span class='ocrx_word' id='word_1_186' title='bbox 820 2035 935 2085; x_wconf 86' lang='lat' dir='ltr'>Gramm.</span> <span class='ocrx_word' id='word_1_187' title='bbox 951 2027 1052 2103; x_wconf 80' lang='grc'><strong>[1886.</strong></span> 
     </span>
     <span class='ocr_line' id='line_1_21' title="bbox 226 2108 1163 2192; baseline -0.006 -17"><span class='ocrx_word' id='word_1_188' title='bbox 226 2108 352 2175; x_wconf 79' lang='lat' dir='ltr'>Verbum&#39;</span> <span class='ocrx_word' id='word_1_189' title='bbox 366 2118 513 2192; x_wconf 76' lang='lat' dir='ltr'>probibere</span> <span class='ocrx_word' id='word_1_190' title='bbox 536 2121 666 2189; x_wconf 83' lang='lat' dir='ltr'>duplicem</span> <span class='ocrx_word' id='word_1_191' title='bbox 694 2120 722 2170; x_wconf 90' lang='lat' dir='ltr'>in</span> <span class='ocrx_word' id='word_1_192' title='bbox 751 2137 779 2171; x_wconf 86' lang='lat' dir='ltr'>so</span> <span class='ocrx_word' id='word_1_193' title='bbox 805 2119 924 2187; x_wconf 88' lang='lat' dir='ltr'>recipere</span> <span class='ocrx_word' id='word_1_194' title='bbox 948 2115 1163 2185; x_wconf 65' lang='lat' dir='ltr'>significationem,</span> 
     </span>
     <span class='ocr_line' id='line_1_22' title="bbox 173 2203 1162 2275; baseline -0.004 -18"><span class='ocrx_word' id='word_1_195' title='bbox 173 2240 175 2245; x_wconf 92' lang='lat'>-</span> <span class='ocrx_word' id='word_1_196' title='bbox 193 2223 273 2275; x_wconf 88' lang='lat' dir='ltr'>quum</span> <span class='ocrx_word' id='word_1_197' title='bbox 286 2217 332 2258; x_wconf 91' lang='lat' dir='ltr'>aut</span> <span class='ocrx_word' id='word_1_198' title='bbox 348 2207 509 2259; x_wconf 86' lang='lat' dir='ltr'>contrarium</span> <span class='ocrx_word' id='word_1_199' title='bbox 523 2216 550 2257; x_wconf 92' lang='lat' dir='ltr'>et</span> <span class='ocrx_word' id='word_1_200' title='bbox 568 2205 691 2256; x_wconf 82' lang='lat' dir='ltr'>infestum</span> <span class='ocrx_word' id='word_1_201' title='bbox 708 2203 871 2255; x_wconf 85' lang='lat' dir='ltr'>detineamus</span> <span class='ocrx_word' id='word_1_202' title='bbox 891 2220 906 2253; x_wconf 86' lang='lat' dir='ltr'>a</span> <span class='ocrx_word' id='word_1_203' title='bbox 923 2203 1002 2255; x_wconf 88' lang='lat' dir='ltr'>rebus</span> <span class='ocrx_word' id='word_1_204' title='bbox 1018 2219 1073 2254; x_wconf 90' lang='lat' dir='ltr'>non</span> <span class='ocrx_word' id='word_1_205' title='bbox 1089 2204 1162 2255; x_wconf 88' lang='lat' dir='ltr'>attin-</span> 
     </span>
     <span class='ocr_line' id='line_1_23' title="bbox 192 2282 1182 2360; baseline -0.001 -20"><span class='ocrx_word' id='word_1_206' title='bbox 192 2289 304 2357; x_wconf 78' lang='lat' dir='ltr'>gendis,</span> <span class='ocrx_word' id='word_1_207' title='bbox 335 2301 381 2344; x_wconf 92' lang='lat' dir='ltr'>aut</span> <span class='ocrx_word' id='word_1_208' title='bbox 410 2292 522 2360; x_wconf 81' lang='lat' dir='ltr'>aliquem</span> <span class='ocrx_word' id='word_1_209' title='bbox 556 2289 725 2342; x_wconf 79' lang='lat' dir='ltr'>defendamus</span> <span class='ocrx_word' id='word_1_210' title='bbox 757 2289 789 2339; x_wconf 84' lang='lat' dir='ltr'>ab</span> <span class='ocrx_word' id='word_1_211' title='bbox 810 2289 908 2340; x_wconf 80' lang='lat' dir='ltr'>infesta</span> <span class='ocrx_word' id='word_1_212' title='bbox 933 2306 963 2340; x_wconf 90' lang='lat' dir='ltr'>re</span> <span class='ocrx_word' id='word_1_213' title='bbox 981 2287 1026 2340; x_wconf 90' lang='lat' dir='ltr'>vel</span> <span class='ocrx_word' id='word_1_214' title='bbox 1046 2282 1182 2357; x_wconf 68' lang='lat' dir='ltr'>pericula?</span> 
     </span>
    </p>
   </div>
   <div class='ocr_carea' id='block_1_4' title="bbox 191 2368 1182 2961">
    <p class='ocr_par' dir='ltr' id='par_1_6' title="bbox 191 2368 1173 2526">
     <span class='ocr_line' id='line_1_24' title="bbox 192 2368 1173 2467; baseline 0.001 -43"><span class='ocrx_word' id='word_1_215' title='bbox 192 2373 264 2431; x_wconf 82' lang='lat' dir='ltr'>idem</span> <span class='ocrx_word' id='word_1_216' title='bbox 288 2376 437 2428; x_wconf 80' lang='lat' dir='ltr'>observavit</span> <span class='ocrx_word' id='word_1_217' title='bbox 471 2376 604 2445; x_wconf 85' lang='lat' dir='ltr'>Zumptius</span> <span class='ocrx_word' id='word_1_218' title='bbox 629 2375 657 2426; x_wconf 88' lang='lat' dir='ltr'>iu</span> <span class='ocrx_word' id='word_1_219' title='bbox 683 2375 798 2429; x_wconf 89' lang='lat' dir='ltr'>Gramm.</span> <span class='ocrx_word' id='word_1_220' title='bbox 818 2368 880 2427; x_wconf 76' lang='lat'><strong>469.</strong></span> <span class='ocrx_word' id='word_1_221' title='bbox 914 2373 966 2453; x_wconf 65' lang='lat' dir='ltr'>Sed</span> <span class='ocrx_word' id='word_1_222' title='bbox 980 2373 1038 2441; x_wconf 91' lang='lat' dir='ltr'>ipsa</span> <span class='ocrx_word' id='word_1_223' title='bbox 1051 2383 1173 2467; x_wconf 47' lang='lat' dir='ltr'>constan-‘¹</span> 
     </span>
     <span class='ocr_line' id='line_1_25' title="bbox 191 2457 1160 2526; baseline -0.003 -15"><span class='ocrx_word' id='word_1_224' title='bbox 191 2460 247 2511; x_wconf 89' lang='lat' dir='ltr'>ctio</span> <span class='ocrx_word' id='word_1_225' title='bbox 265 2477 295 2512; x_wconf 89' lang='lat' dir='ltr'>ac</span> <span class='ocrx_word' id='word_1_226' title='bbox 321 2461 396 2513; x_wconf 87' lang='lat' dir='ltr'>notio</span> <span class='ocrx_word' id='word_1_227' title='bbox 422 2479 474 2512; x_wconf 84' lang='lat' dir='ltr'>una</span> <span class='ocrx_word' id='word_1_228' title='bbox 495 2473 536 2514; x_wconf 82' lang='lat' dir='ltr'>est</span> <span class='ocrx_word' id='word_1_229' title='bbox 554 2473 581 2513; x_wconf 90' lang='lat' dir='ltr'>et</span> <span class='ocrx_word' id='word_1_230' title='bbox 597 2461 704 2524; x_wconf 89' lang='lat' dir='ltr'>eadem,</span> <span class='ocrx_word' id='word_1_231' title='bbox 729 2467 830 2509; x_wconf 87' lang='lat' dir='ltr'>mutato</span> <span class='ocrx_word' id='word_1_232' title='bbox 849 2457 953 2509; x_wconf 90' lang='lat' dir='ltr'>nomine</span> <span class='ocrx_word' id='word_1_233' title='bbox 973 2475 1116 2526; x_wconf 58' lang='lat' dir='ltr'>personae,</span> <span class='ocrx_word' id='word_1_234' title='bbox 1136 2459 1160 2508; x_wconf 81' lang='lat' dir='ltr'>lu</span> 
     </span>
    </p>

    <p class='ocr_par' dir='ltr' id='par_1_7' title="bbox 192 2540 1182 2961">
     <span class='ocr_line' id='line_1_26' title="bbox 192 2540 1182 2616; baseline 0.001 -20"><span class='ocrx_word' id='word_1_235' title='bbox 192 2543 356 2598; x_wconf 88' lang='lat' dir='ltr'>tribunorum</span> <span class='ocrx_word' id='word_1_236' title='bbox 374 2545 481 2597; x_wconf 87' lang='lat' dir='ltr'>decreto</span> <span class='ocrx_word' id='word_1_237' title='bbox 513 2547 581 2616; x_wconf 88' lang='lat' dir='ltr'>apud</span> <span class='ocrx_word' id='word_1_238' title='bbox 602 2545 718 2598; x_wconf 81' lang='lat' dir='ltr'>Gellium</span> <span class='ocrx_word' id='word_1_239' title='bbox 738 2541 772 2606; x_wconf 88' lang='grc'>7,</span> <span class='ocrx_word' id='word_1_240' title='bbox 794 2540 837 2599; x_wconf 89' lang='grc'>19.</span> <span class='ocrx_word' id='word_1_241' title='bbox 866 2551 898 2595; x_wconf 82' lang='lat' dir='ltr'>ut</span> <span class='ocrx_word' id='word_1_242' title='bbox 920 2560 982 2595; x_wconf 86' lang='lat' dir='ltr'>enm</span> <span class='ocrx_word' id='word_1_243' title='bbox 1005 2540 1127 2616; x_wconf 74' lang='lat' dir='ltr'>collegae</span> <span class='ocrx_word' id='word_1_244' title='bbox 1137 2542 1182 2611; x_wconf 56' lang='lat' dir='ltr'>ui,¹</span> 
     </span>
     <span class='ocr_line' id='line_1_27' title="bbox 194 2616 1182 2700; baseline -0.001 -19"><span class='ocrx_word' id='word_1_245' title='bbox 194 2628 400 2700; x_wconf 72' lang='lat' dir='ltr'>prohibeamus.</span> <span class='ocrx_word' id='word_1_246' title='bbox 419 2630 491 2699; x_wconf 90' lang='lat' dir='ltr'>quod</span> <span class='ocrx_word' id='word_1_247' title='bbox 507 2633 608 2685; x_wconf 81' lang='lat' dir='ltr'>Gellius</span> <span class='ocrx_word' id='word_1_248' title='bbox 625 2620 704 2683; x_wconf 77' lang='lat' dir='ltr'>antei</span> <span class='ocrx_word' id='word_1_249' title='bbox 717 2637 747 2680; x_wconf 81' lang='lat' dir='ltr'>ut</span> <span class='ocrx_word' id='word_1_250' title='bbox 762 2646 780 2680; x_wconf 82' lang='lat' dir='ltr'>u</span> <span class='ocrx_word' id='word_1_251' title='bbox 799 2623 926 2699; x_wconf 81' lang='lat' dir='ltr'>collegae</span> <span class='ocrx_word' id='word_1_252' title='bbox 938 2630 969 2682; x_wconf 84' lang='lat' dir='ltr'>vi</span> <span class='ocrx_word' id='word_1_253' title='bbox 985 2623 1160 2698; x_wconf 79' lang='lat' dir='ltr'>defenderent.</span> <span class='ocrx_word' id='word_1_254' title='bbox 1172 2616 1182 2639; x_wconf 66' lang='lat'><strong>⁵</strong></span> 
     </span>
     <span class='ocr_line' id='line_1_28' title="bbox 195 2704 1182 2795; baseline -0.003 -28"><span class='ocrx_word' id='word_1_255' title='bbox 195 2715 263 2767; x_wconf 89' lang='lat' dir='ltr'>Num</span> <span class='ocrx_word' id='word_1_256' title='bbox 283 2715 330 2766; x_wconf 89' lang='lat' dir='ltr'>illo</span> <span class='ocrx_word' id='word_1_257' title='bbox 354 2727 466 2786; x_wconf 88' lang='lat' dir='ltr'>utroque</span> <span class='ocrx_word' id='word_1_258' title='bbox 480 2716 559 2767; x_wconf 89' lang='lat' dir='ltr'>modo</span> <span class='ocrx_word' id='word_1_259' title='bbox 575 2717 654 2768; x_wconf 89' lang='lat' dir='ltr'>etiam</span> <span class='ocrx_word' id='word_1_260' title='bbox 668 2713 775 2766; x_wconf 87' lang='lat' dir='ltr'>verbum</span> <span class='ocrx_word' id='word_1_261' title='bbox 791 2706 942 2780; x_wconf 80' lang='lat' dir='ltr'>defendere</span> <span class='ocrx_word' id='word_1_262' title='bbox 958 2713 1055 2773; x_wconf 80' lang='lat' dir='ltr'>etalia</span> <span class='ocrx_word' id='word_1_263' title='bbox 1070 2704 1182 2795; x_wconf 49' lang='lat' dir='ltr'>pontive}</span> 
     </span>
     <span class='ocr_line' id='line_1_29' title="bbox 193 2792 1182 2872; baseline 0 -22"><span class='ocrx_word' id='word_1_264' title='bbox 193 2808 254 2850; x_wconf 85' lang='lat' dir='ltr'>tur:</span> <span class='ocrx_word' id='word_1_265' title='bbox 281 2795 377 2854; x_wconf 77' lang='lat' dir='ltr'>borres</span> <span class='ocrx_word' id='word_1_266' title='bbox 393 2821 411 2854; x_wconf 89' lang='lat' dir='ltr'>a</span> <span class='ocrx_word' id='word_1_267' title='bbox 427 2804 524 2872; x_wconf 80' lang='lat' dir='ltr'>pinnis</span> <span class='ocrx_word' id='word_1_268' title='bbox 542 2796 695 2871; x_wconf 81' lang='lat' dir='ltr'>defendere</span> <span class='ocrx_word' id='word_1_269' title='bbox 708 2797 778 2867; x_wconf 87' lang='lat' dir='ltr'>apud</span> <span class='ocrx_word' id='word_1_270' title='bbox 794 2797 918 2855; x_wconf 76' lang='lat' dir='ltr'>Gellium,</span> <span class='ocrx_word' id='word_1_271' title='bbox 936 2797 963 2865; x_wconf 90' lang='lat'>9,</span> <span class='ocrx_word' id='word_1_272' title='bbox 984 2798 1009 2850; x_wconf 91' lang='lat'>1.</span> <span class='ocrx_word' id='word_1_273' title='bbox 1034 2797 1071 2851; x_wconf 81' lang='lat' dir='ltr'>ab</span> <span class='ocrx_word' id='word_1_274' title='bbox 1084 2792 1159 2854; x_wconf 61' lang='lat' dir='ltr'>ininiss</span> <span class='ocrx_word' id='word_1_275' title='bbox 1175 2858 1182 2867; x_wconf 51' lang='grc'><strong>,</strong></span> 
     </span>
     <span class='ocr_line' id='line_1_30' title="bbox 196 2878 1167 2961; baseline -0.001 -26"><span class='ocrx_word' id='word_1_276' title='bbox 196 2899 290 2936; x_wconf 86' lang='lat' dir='ltr'>corum</span> <span class='ocrx_word' id='word_1_277' title='bbox 309 2883 430 2938; x_wconf 86' lang='lat' dir='ltr'>audacia</span> <span class='ocrx_word' id='word_1_278' title='bbox 454 2885 573 2958; x_wconf 80' lang='lat' dir='ltr'>telisque</span> <span class='ocrx_word' id='word_1_279' title='bbox 596 2881 751 2956; x_wconf 81' lang='lat' dir='ltr'>defendere</span> <span class='ocrx_word' id='word_1_280' title='bbox 765 2887 865 2939; x_wconf 72' lang='lat' dir='ltr'>ericam.</span> <span class='ocrx_word' id='word_1_281' title='bbox 891 2884 945 2934; x_wconf 86' lang='lat' dir='ltr'>Cic.</span> <span class='ocrx_word' id='word_1_282' title='bbox 962 2900 1012 2952; x_wconf 87' lang='lat' dir='ltr'>pro</span> <span class='ocrx_word' id='word_1_283' title='bbox 1034 2884 1091 2936; x_wconf 87' lang='lat' dir='ltr'>Mil.</span> <span class='ocrx_word' id='word_1_284' title='bbox 1104 2878 1167 2961; x_wconf 27' lang='grc'>86,-</span> 
     </span>
    </p>
   </div>
   <div class='ocr_carea' id='block_1_5' title="bbox 83 2968 1157 3127">
    <p class='ocr_par' dir='ltr' id='par_1_8' title="bbox 83 2968 1157 3127">
     <span class='ocr_line' id='line_1_31' title="bbox 194 2968 1157 3047; baseline 0.005 -29"><span class='ocrx_word' id='word_1_285' title='bbox 194 2969 279 3020; x_wconf 83' lang='lat' dir='ltr'>Ueimr</span> <span class='ocrx_word' id='word_1_286' title='bbox 300 2969 374 3021; x_wconf 89' lang='lat' dir='ltr'>verbi</span> <span class='ocrx_word' id='word_1_287' title='bbox 389 2969 535 3041; x_wconf 77' lang='lat' dir='ltr'>probibere</span> <span class='ocrx_word' id='word_1_288' title='bbox 552 2971 642 3023; x_wconf 90' lang='lat' dir='ltr'>addito</span> <span class='ocrx_word' id='word_1_289' title='bbox 662 2968 774 3047; x_wconf 75' lang='lat' dir='ltr'>simplici</span> <span class='ocrx_word' id='word_1_290' title='bbox 795 2969 909 3022; x_wconf 84' lang='lat' dir='ltr'>ablativo</span> <span class='ocrx_word' id='word_1_291' title='bbox 926 2968 1070 3023; x_wconf 80' lang='lat' dir='ltr'>illustravit</span> <span class='ocrx_word' id='word_1_292' title='bbox 1085 2983 1157 3023; x_wconf 68' lang='lat' dir='ltr'>exuor</span> 
     </span>
     <span class='ocr_line' id='line_1_32' title="bbox 83 3052 925 3127; baseline -0.001 -21"><span class='ocrx_word' id='word_1_293' title='bbox 83 3082 89 3087; x_wconf 87' lang='lat'><em>-</em></span> <span class='ocrx_word' id='word_1_294' title='bbox 193 3053 246 3122; x_wconf 82' lang='lat' dir='ltr'>plis</span> <span class='ocrx_word' id='word_1_295' title='bbox 259 3053 413 3106; x_wconf 84' lang='lat' dir='ltr'>Beierusad</span> <span class='ocrx_word' id='word_1_296' title='bbox 430 3054 728 3122; x_wconf 63' lang='lat' dir='ltr'>oiadeoffiezw.</span> <span class='ocrx_word' id='word_1_297' title='bbox 746 3073 772 3123; x_wconf 88' lang='lat' dir='ltr'>p.</span> <span class='ocrx_word' id='word_1_298' title='bbox 789 3052 831 3105; x_wconf 91' lang='grc'>81.</span> <span class='ocrx_word' id='word_1_299' title='bbox 920 3123 925 3127; x_wconf 14' lang='grc' dir='ltr'><strong>ἡ</strong></span> 
     </span>
    </p>
   </div>
   <div class='ocr_carea' id='block_1_6' title="bbox 43 3153 1179 3924">
    <p class='ocr_par' dir='ltr' id='par_1_9' title="bbox 43 3153 1179 3670">
     <span class='ocr_line' id='line_1_33' title="bbox 211 3153 1157 3245; baseline 0.003 -26"><span class='ocrx_word' id='word_1_300' title='bbox 211 3160 245 3219; x_wconf 79' lang='grc'>2.</span> <span class='ocrx_word' id='word_1_301' title='bbox 275 3153 328 3219; x_wconf 84' lang='lat' dir='ltr'>Ex</span> <span class='ocrx_word' id='word_1_302' title='bbox 346 3155 465 3236; x_wconf 84' lang='lat' dir='ltr'>altera,</span> <span class='ocrx_word' id='word_1_303' title='bbox 490 3180 590 3244; x_wconf 90' lang='lat' dir='ltr'>quam</span> <span class='ocrx_word' id='word_1_304' title='bbox 604 3157 790 3243; x_wconf 89' lang='lat' dir='ltr'>posuimus,</span> <span class='ocrx_word' id='word_1_305' title='bbox 816 3153 945 3220; x_wconf 87' lang='lat' dir='ltr'>ratione</span> <span class='ocrx_word' id='word_1_306' title='bbox 961 3156 1157 3245; x_wconf 85' lang='lat' dir='ltr'>componun·</span> 
     </span>
     <span class='ocr_line' id='line_1_34' title="bbox 127 3241 1179 3328; baseline 0.006 -25"><span class='ocrx_word' id='word_1_307' title='bbox 127 3250 183 3304; x_wconf 87' lang='lat' dir='ltr'>tur</span> <span class='ocrx_word' id='word_1_308' title='bbox 200 3262 277 3304; x_wconf 88' lang='lat' dir='ltr'>cum</span> <span class='ocrx_word' id='word_1_309' title='bbox 291 3263 372 3328; x_wconf 87' lang='lat' dir='ltr'>prae</span> <span class='ocrx_word' id='word_1_310' title='bbox 399 3242 541 3308; x_wconf 80' lang='lat' dir='ltr'>ositione</span> <span class='ocrx_word' id='word_1_311' title='bbox 559 3242 673 3307; x_wconf 88' lang='lat' dir='ltr'>omnia</span> <span class='ocrx_word' id='word_1_312' title='bbox 688 3242 786 3307; x_wconf 84' lang='lat' dir='ltr'>verba</span> <span class='ocrx_word' id='word_1_313' title='bbox 806 3241 1041 3327; x_wconf 87' lang='lat' dir='ltr'>cuiuscumque</span> <span class='ocrx_word' id='word_1_314' title='bbox 1054 3241 1179 3311; x_wconf 55' lang='lat' dir='ltr'>libert-,u</span> 
     </span>
     <span class='ocr_line' id='line_1_35' title="bbox 127 3264 1161 3414; baseline 0.002 -25"><span class='ocrx_word' id='word_1_315' title='bbox 127 3326 228 3390; x_wconf 79' lang='lat' dir='ltr'>tionis</span> <span class='ocrx_word' id='word_1_316' title='bbox 247 3336 279 3390; x_wconf 86' lang='lat' dir='ltr'>et</span> <span class='ocrx_word' id='word_1_317' title='bbox 299 3264 535 3410; x_wconf 75' lang='lat' dir='ltr'>absolutionis,</span> <span class='ocrx_word' id='word_1_318' title='bbox 562 3348 646 3414; x_wconf 88' lang='lat' dir='ltr'>quae</span> <span class='ocrx_word' id='word_1_319' title='bbox 661 3329 761 3393; x_wconf 82' lang='lat' dir='ltr'>etium</span> <span class='ocrx_word' id='word_1_320' title='bbox 775 3320 917 3414; x_wconf 85' lang='lat' dir='ltr'>simplici</span> <span class='ocrx_word' id='word_1_321' title='bbox 931 3325 1073 3392; x_wconf 85' lang='lat' dir='ltr'>ablativo</span> <span class='ocrx_word' id='word_1_322' title='bbox 1090 3336 1161 3393; x_wconf 83' lang='lat' dir='ltr'>con·</span> 
     </span>
     <span class='ocr_line' id='line_1_36' title="bbox 126 3408 1163 3498; baseline 0 -24"><span class='ocrx_word' id='word_1_323' title='bbox 126 3409 321 3498; x_wconf 83' lang='lat' dir='ltr'>iunguntur.</span> <span class='ocrx_word' id='word_1_324' title='bbox 365 3411 409 3475; x_wconf 88' lang='lat' dir='ltr'>Et</span> <span class='ocrx_word' id='word_1_325' title='bbox 432 3434 536 3498; x_wconf 89' lang='lat' dir='ltr'>quum</span> <span class='ocrx_word' id='word_1_326' title='bbox 552 3408 789 3483; x_wconf 82' lang='lat' dir='ltr'>iur&#39;elaxundis</span> <span class='ocrx_word' id='word_1_327' title='bbox 806 3421 837 3476; x_wconf 87' lang='lat' dir='ltr'>et</span> <span class='ocrx_word' id='word_1_328' title='bbox 851 3412 1057 3476; x_wconf 86' lang='lat' dir='ltr'>remittendis</span> <span class='ocrx_word' id='word_1_329' title='bbox 1073 3423 1106 3485; x_wconf 82' lang='lat' dir='ltr'>et</span> <span class='ocrx_word' id='word_1_330' title='bbox 1116 3430 1163 3477; x_wconf 88' lang='lat' dir='ltr'>re·</span> 
     </span>
     <span class='ocr_line' id='line_1_37' title="bbox 128 3497 1166 3589; baseline 0.005 -30"><span class='ocrx_word' id='word_1_331' title='bbox 128 3497 278 3561; x_wconf 83' lang='lat' dir='ltr'>creandis</span> <span class='ocrx_word' id='word_1_332' title='bbox 305 3497 403 3562; x_wconf 85' lang='lat' dir='ltr'>rebus</span> <span class='ocrx_word' id='word_1_333' title='bbox 427 3498 481 3580; x_wconf 88' lang='lat' dir='ltr'>id,</span> <span class='ocrx_word' id='word_1_334' title='bbox 513 3497 603 3586; x_wconf 90' lang='lat' dir='ltr'>quod</span> <span class='ocrx_word' id='word_1_335' title='bbox 628 3507 782 3589; x_wconf 83' lang='lat' dir='ltr'>apparet,</span> <span class='ocrx_word' id='word_1_336' title='bbox 820 3498 1009 3562; x_wconf 85' lang='lat' dir='ltr'>remotione</span> <span class='ocrx_word' id='word_1_337' title='bbox 1032 3497 1092 3564; x_wconf 85' lang='lat' dir='ltr'>fiut</span> <span class='ocrx_word' id='word_1_338' title='bbox 1107 3498 1166 3564; x_wconf 78' lang='lat' dir='ltr'>im·</span> 
     </span>
     <span class='ocr_line' id='line_1_38' title="bbox 43 3579 1171 3670; baseline 0.004 -25"><span class='ocrx_word' id='word_1_339' title='bbox 43 3640 45 3645; x_wconf 24' lang='lat'><strong>⁴</strong></span> <span class='ocrx_word' id='word_1_340' title='bbox 154 3579 310 3647; x_wconf 82' lang='lat' dir='ltr'>adimanti</span> <span class='ocrx_word' id='word_1_341' title='bbox 332 3580 384 3647; x_wconf 88' lang='lat' dir='ltr'>vel</span> <span class='ocrx_word' id='word_1_342' title='bbox 409 3585 537 3666; x_wconf 89' lang='lat' dir='ltr'>oneris,</span> <span class='ocrx_word' id='word_1_343' title='bbox 566 3583 666 3654; x_wconf 82' lang='lat' dir='ltr'>haec.</span> <span class='ocrx_word' id='word_1_344' title='bbox 699 3604 809 3670; x_wconf 90' lang='lat' dir='ltr'>uoqua</span> <span class='ocrx_word' id='word_1_345' title='bbox 829 3581 929 3648; x_wconf 87' lang='lat' dir='ltr'>verba</span> <span class='ocrx_word' id='word_1_346' title='bbox 953 3583 1171 3649; x_wconf 68' lang='lat' dir='ltr'>eademnam</span> 
     </span>
    </p>

    <p class='ocr_par' dir='ltr' id='par_1_10' title="bbox 126 3606 1178 3924">
     <span class='ocr_line' id='line_1_39' title="bbox 154 3606 1175 3756; baseline 0.002 -24"><span class='ocrx_word' id='word_1_347' title='bbox 154 3667 256 3734; x_wconf 84' lang='lat' dir='ltr'>&#39;tione</span> <span class='ocrx_word' id='word_1_348' title='bbox 276 3676 441 3732; x_wconf 82' lang='lat' dir='ltr'>tenentur.</span> <span class='ocrx_word' id='word_1_349' title='bbox 479 3669 644 3756; x_wconf 82' lang='lat' dir='ltr'>Exempla</span> <span class='ocrx_word' id='word_1_350' title='bbox 661 3606 784 3756; x_wconf 80' lang='lat' dir='ltr'>ubique</span> <span class='ocrx_word' id='word_1_351' title='bbox 802 3666 899 3733; x_wconf 89' lang='lat' dir='ltr'>obvia</span> <span class='ocrx_word' id='word_1_352' title='bbox 917 3664 1175 3756; x_wconf 67' lang='lat' dir='ltr'>suppeditabat!l</span> 
     </span>
     <span class='ocr_line' id='line_1_40' title="bbox 126 3749 1178 3850; baseline 0.007 -35"><span class='ocrx_word' id='word_1_353' title='bbox 126 3749 244 3818; x_wconf 84' lang='lat' dir='ltr'>lexico.</span> <span class='ocrx_word' id='word_1_354' title='bbox 288 3752 453 3850; x_wconf 84' lang='lat' dir='ltr'>Equidem</span> <span class='ocrx_word' id='word_1_355' title='bbox 486 3755 567 3821; x_wconf 82' lang='lat' dir='ltr'>huec</span> <span class='ocrx_word' id='word_1_356' title='bbox 591 3765 722 3820; x_wconf 87' lang='lat' dir='ltr'>tantum</span> <span class='ocrx_word' id='word_1_357' title='bbox 755 3753 882 3819; x_wconf 78' lang='lat' dir='ltr'>notabo</span> <span class='ocrx_word' id='word_1_358' title='bbox 915 3776 989 3820; x_wconf 88' lang='lat' dir='ltr'>rara</span> <span class='ocrx_word' id='word_1_359' title='bbox 1011 3755 1065 3822; x_wconf 86' lang='lat' dir='ltr'>vel</span> <span class='ocrx_word' id='word_1_360' title='bbox 1089 3755 1178 3847; x_wconf 59' lang='lat' dir='ltr'>pro*</span> 
     </span>
     <span class='ocr_line' id='line_1_41' title="bbox 126 3837 426 3924; baseline 0 -23"><span class='ocrx_word' id='word_1_361' title='bbox 126 3837 198 3924; x_wconf 88' lang='lat' dir='ltr'>pria</span> <span class='ocrx_word' id='word_1_362' title='bbox 215 3839 248 3903; x_wconf 88' lang='lat' dir='ltr'>vi</span> <span class='ocrx_word' id='word_1_363' title='bbox 265 3837 426 3902; x_wconf 72' lang='lat' dir='ltr'>distmma.</span> 
     </span>
    </p>
   </div>
   <div class='ocr_carea' id='block_1_7' title="bbox 199 3925 1184 4112">
    <p class='ocr_par' dir='ltr' id='par_1_11' title="bbox 199 3925 1184 4112">
     <span class='ocr_line' id='line_1_42' title="bbox 232 3925 1184 4032; baseline 0.009 -25"><span class='ocrx_word' id='word_1_364' title='bbox 232 3958 297 4009; x_wconf 75' lang='lat' dir='ltr'>cato</span> <span class='ocrx_word' id='word_1_365' title='bbox 320 3959 353 4010; x_wconf 71' lang='lat'>&lt;10</span> <span class='ocrx_word' id='word_1_366' title='bbox 371 3961 411 4011; x_wconf 70' lang='lat' dir='ltr'>ne</span> <span class='ocrx_word' id='word_1_367' title='bbox 430 3961 464 4011; x_wconf 86' lang='lat' dir='ltr'>n.</span> <span class='ocrx_word' id='word_1_368' title='bbox 480 3956 531 4024; x_wconf 81' lang='lat'>65,</span> <span class='ocrx_word' id='word_1_369' title='bbox 550 3959 616 4027; x_wconf 77' lang='grc'><strong>(66.)</strong></span> <span class='ocrx_word' id='word_1_370' title='bbox 637 3960 662 4014; x_wconf 88' lang='lat'>1.</span> <span class='ocrx_word' id='word_1_371' title='bbox 682 3979 701 4012; x_wconf 76' lang='lat' dir='ltr'>a</span> <span class='ocrx_word' id='word_1_372' title='bbox 711 3955 801 4030; x_wconf 77' lang='lat' dir='ltr'>sonu</span> <span class='ocrx_word' id='word_1_373' title='bbox 818 3969 845 4013; x_wconf 76' lang='lat' dir='ltr'>n</span> <span class='ocrx_word' id='word_1_374' title='bbox 865 3934 984 4016; x_wconf 71' lang='lat' dir='ltr'>semen</span> <span class='ocrx_word' id='word_1_375' title='bbox 1000 3925 1184 4032; x_wconf 50' lang='lat' dir='ltr'>purgata*</span> 
     </span>
     <span class='ocr_line' id='line_1_43' title="bbox 199 4042 1184 4112; baseline 0.006 -20"><span class='ocrx_word' id='word_1_376' title='bbox 199 4042 277 4104; x_wconf 88' lang='lat' dir='ltr'>Quod</span> <span class='ocrx_word' id='word_1_377' title='bbox 304 4044 409 4096; x_wconf 82' lang='lat' dir='ltr'>Paullus</span> <span class='ocrx_word' id='word_1_378' title='bbox 436 4043 464 4095; x_wconf 89' lang='lat' dir='ltr'>in</span> <span class='ocrx_word' id='word_1_379' title='bbox 480 4044 583 4112; x_wconf 82' lang='lat' dir='ltr'>Digest.</span> <span class='ocrx_word' id='word_1_380' title='bbox 601 4042 656 4109; x_wconf 82' lang='lat'>46,</span> <span class='ocrx_word' id='word_1_381' title='bbox 683 4042 718 4108; x_wconf 79' lang='grc'>8,</span> <span class='ocrx_word' id='word_1_382' title='bbox 745 4044 789 4105; x_wconf 88' lang='grc'>98,</span> <span class='ocrx_word' id='word_1_383' title='bbox 811 4043 837 4096; x_wconf 90' lang='grc'>6.</span> <span class='ocrx_word' id='word_1_384' title='bbox 868 4064 906 4099; x_wconf 86' lang='lat' dir='ltr'>un</span> <span class='ocrx_word' id='word_1_385' title='bbox 928 4044 1067 4100; x_wconf 82' lang='lat' dir='ltr'>solvendo</span> <span class='ocrx_word' id='word_1_386' title='bbox 1099 4043 1184 4102; x_wconf 68' lang='lat' dir='ltr'>Titio</span> 
     </span>
    </p>
   </div>
   <div class='ocr_carea' id='block_1_8' title="bbox 200 4123 1184 4215">
    <p class='ocr_par' dir='ltr' id='par_1_12' title="bbox 200 4123 1184 4215">
     <span class='ocr_line' id='line_1_44' title="bbox 200 4123 1184 4215; baseline 0.001 -34"><span class='ocrx_word' id='word_1_387' title='bbox 200 4123 309 4198; x_wconf 73' lang='lat' dir='ltr'>Ephesi</span> <span class='ocrx_word' id='word_1_388' title='bbox 325 4149 344 4183; x_wconf 83' lang='lat' dir='ltr'>a</span> <span class='ocrx_word' id='word_1_389' title='bbox 364 4148 406 4214; x_wconf 82' lang='lat' dir='ltr'>me</span> <span class='ocrx_word' id='word_1_390' title='bbox 422 4127 566 4196; x_wconf 77' lang='lat' dir='ltr'>liberetur,</span> <span class='ocrx_word' id='word_1_391' title='bbox 591 4131 746 4189; x_wconf 82' lang='lat' dir='ltr'>uideamur.</span> <span class='ocrx_word' id='word_1_392' title='bbox 759 4146 822 4191; x_wconf 78' lang='lat' dir='ltr'>uon</span> <span class='ocrx_word' id='word_1_393' title='bbox 838 4131 969 4188; x_wconf 84' lang='lat' dir='ltr'>debebant</span> <span class='ocrx_word' id='word_1_394' title='bbox 990 4131 1094 4185; x_wconf 76' lang='lat' dir='ltr'>Alciato</span> <span class='ocrx_word' id='word_1_395' title='bbox 1124 4132 1184 4215; x_wconf 50' lang='lat' dir='ltr'>Be?</span> 
     </span>
    </p>
   </div>
   <div class='ocr_carea' id='block_1_9' title="bbox 0 0 1314 4770">
    <p class='ocr_par' dir='ltr' id='par_1_13' title="bbox 0 0 1314 4770">
     <span class='ocr_line' id='line_1_45' title="bbox 0 0 1314 4770; baseline 0 0"><span class='ocrx_word' id='word_1_396' title='bbox 0 0 1314 4770; x_wconf 95' lang='lat' dir='ltr'> </span> 
     </span>
    </p>
   </div>
  </div>
 </body>
</html>
