2618 4770
567 332 740 403 avana
824 277 828 284 ⁵
1109 331 1172 401 aaa

87 502 128 557 11.
213 494 245 557 9.
275 466 419 558 Βοοῑίιιέ
434 491 500 555 hoe
522 499 571 555 eet
590 498 803 577 praeceptum
826 485 1036 552 criticorum:
1061 498 1178 554 autem

86 575 233 725 ,pponh
263 577 395 664 quando
420 577 547 658 oratio,
580 575 789 676 interposita.
803 572 1177 667 “llQit-ssfitffles

86 652 128 729 aa}
142 661 260 748 angius
285 663 454 727 breviusve
478 661 917 746 intervallumfflma,
943 680 1056 723 rursus
1076 660 1176 739 resti·

86 747 273 829 narranda,
298 759 330 812 et
345 748 399 827 id,
421 747 511 832 quod
535 757 611 812 ante
634 748 701 810 iam
720 745 928 809 nominatum
947 755 1033 826 erat,
1055 745 1177 810 iterum

86 831 175 895 nsit
198 832 548 897 commemorandum:
573 853 674 918 quare
699 853 797 917 saepe
822 829 935 893 locum
957 828 1079 895 habere
1100 839 1178 917 post

89 935 101 977 r
127 918 355 1004 parenthesin.
379 919 444 983 vid.
465 918 622 1004 Heusing.
642 926 673 980 et
698 915 884 979 Gernhard.
901 916 940 979 ad
963 916 1032 980 Cio.
1051 915 1091 980 de
1106 914 1175 980 Off.

117 1007 169 1089 Ι1,
191 1008 252 1085 23,
273 1009 325 1069 79.
350 1003 413 1091 (2).
438 1000 810 1075 Bromiusedllornel.
838 1001 938 1066 Dion.
961 1005 1000 1081 8,
1025 1006 1056 1065 8.
1085 1001 1176 1067 Goe-

126 1108 222 1153 rena.
240 1088 280 1152 ad
299 1090 366 1155 Cio.
386 1089 426 1152 de
442 1089 521 1174 Leg.
546 1093 585 1168 1,
606 1092 645 1167 2,
667 1091 698 1152 ,7.
743 1085 814 1169 Hoe
842 1088 940 1151 etiam
959 1084 997 1149 fit
1016 1107 1077 1172 per
1099 1087 1177 1152 alias

128 1173 307 1261 particulas
323 1174 452 1259 igitur,
475 1170 555 1252 secl,
579 1194 673 1253 aero,
700 1170 780 1234 dum
802 1171 979 1257 scriptores
1004 1171 1043 1235 ad
1067 1192 1104 1236 ea
1119 1192 1177 1238 ra-

129 1281 147 1321 s
174 1259 286 1335 ieiunt,
310 1278 412 1343 quae»
435 1257 566 1321 roxime
585 1254 796 1342 praecedunt,
817 1255 914 1318 etiam
928 1257 962 1319 in
979 1255 1178 1343 parenthesi.

129 1282 177 1406 oi.
199 1344 350 1413 Gronov.
377 1280 432 1406 ati)
442 1341 555 1408 Senec.
571 1343 611 1405 de
625 1340 677 1406 Ira
697 1346 734 1422 1,
758 1345 791 1405 3.
822 1338 979 1404 Matthiae
1001 1341 1179 1409 inWolfii
1269 1382 1272 1387 ·

129 1427 276 1492 Analeet.
292 1433 323 1492 3.
338 1449 372 1513 p.
393 1432 444 1491 11.
467 1425 507 1490 In
524 1427 632 1492 verbis
648 1426 738 1491 enim
759 1446 835 1488 eum
851 1436 966 1489 autem
984 1428 1178 1513 compositis

121 1513 320 1598 ‘saepissime
334 1511 555 1604 conspicimus
578 1513 632 1594 id,
659 1509 749 1598 quod
765 1507 992 1596 superioribus
1008 1511 1052 1573 ita
1069 1535 1179 1600 oppo-

112 1600 225 1663 nitar
235 1597 254 1678 ,’
264 1608 301 1661 ut
323 1597 503 1662 enuntiatio
519 1596 762 1685 parenthetica,
783 1617 853 1660 non
869 1594 1043 1680 primaria,
1067 1598 1179 1662 eonti-

127 1682 229 1749 nuari
252 1683 416 1748 videatur:
446 1704 544 1769 saepe
563 1693 675 1748 tamen
698 1681 785 1746 redit
813 1682 910 1746 etiam
934 1679 1041 1743 oratio
1066 1680 1106 1744 ad
1130 1704 1179 1764 ea,

130 1790 218 1855 quae
232 1778 307 1833 ante
321 1768 532 1854 parenthesin
550 1768 636 1832 diota
659 1777 763 1832 erant.
808 1765 920 1846 Quare
942 1763 1094 1830 cohibere
1120 1766 1180 1831 de·

129 1853 232 1919 beirat
252 1853 385 1919 Beierus
412 1854 567 1919 acerbum
594 1853 752 1919 iudicium
772 1850 817 1915 ad
845 1852 912 1916 Cio.
937 1850 977 1912 de
1000 1849 1065 1913 Off.
1089 1851 1129 1917 T.
1148 1859 1178 1917 1.

130 1962 171 2027 p.
190 1939 263 2004 184.
304 1938 390 2002 Nam
407 1940 533 2004 etiamsi
548 1961 650 2004 nemo
666 1939 733 2005 vim
742 1937 991 2024 oppositum,
1011 1957 1107 2020 quam
1124 1936 1181 2003 ille

131 2023 370 2093 adversativam
392 2035 505 2109 vocat,
531 2025 683 2110 negabit,
708 2033 821 2088 tamen
835 2020 1085 2095 eoncedendum
1107 2021 1179 2099 erit,

130 2120 213 2199 post
226 2108 458 2197 parenthesin,
482 2131 565 2197 quae
579 2110 619 2173 ab
639 2109 787 2175 instituta
803 2106 1009 2194 expositione
1024 2104 1180 2173 deflexis·

130 2205 200 2270 set‚
231 2195 276 2259 ita
297 2216 408 2259 rursus
434 2196 542 2282 exeipi
565 2196 772 2281 superiorem
794 2192 990 2256 sententiam
1013 2190 1052 2255 ab
1078 2192 1180 2259 altera

131 2290 230 2369 parte
256 2283 409 2367 positam.
461 2282 626 2347 Graecani
654 2300 754 2345 usum
786 2277 940 2367 exposuit
961 2274 1119 2349 Matthiae
1143 2277 1179 2343 in

132 2367 285 2460 Gramm.
302 2387 338 2455 p.
357 2365 449 2432 1247.
504 2444 506 2449 Ι

237 2487 318 2540 Corn.
346 2485 425 2538 Dion.
445 2485 479 2552 3,
506 2484 533 2541 8.
562 2485 711 2558 eodemque
738 2495 860 2554 tenspore
890 2479 1040 2538 Philistum
1069 2478 1182 2538 histori-

203 2590 265 2625 cam
288 2571 462 2642 Syracusas,
482 2570 620 2626 hominem
637 2571 756 2622 amiram
772 2585 829 2620 non
848 2569 937 2637 magis
954 2577 1077 2641 tyranno
1098 2587 1183 2640 quam

204 2653 362 2728 tyrannidi·
400 2654 457 2709 Sed
484 2654 518 2709 de
545 2653 598 2708 hoa
623 2655 653 2706 in
677 2670 709 2706 eo
731 2667 791 2704 meo
821 2648 892 2704 libro
910 2650 994 2720 plura
1013 2660 1077 2703 sant
1096 2670 1184 2724 expo.

203 2741 277 2805 sita,
297 2742 345 2813 qui
367 2739 402 2794 de
419 2739 559 2794 historicis
582 2740 754 2808 conscriptus
772 2745 823 2789 est.
860 2731 943 2788 Plato
961 2746 1052 2788 autem
1074 2747 1185 2791 tantum

203 2823 283 2894 apud
304 2825 479 2897 Dionysium
497 2827 665 2879 auctoritate
688 2819 782 2875 valuit
801 2828 852 2872 etc.
885 2819 940 2871 Cio.
959 2819 993 2871 de
1009 2820 1067 2872 sin.
1084 2820 1118 2885 4,
1138 2819 1184 2888 26,

203 2909 247 2962 72.
263 2928 333 2979 qaae
352 2908 469 2971 dixisti,
487 2905 597 2971 ualere,
623 2905 792 2976 locupletem
810 2921 887 2967 esse,
909 2921 966 2957 non
982 2903 1091 2969 dolere,
1109 2904 1184 2960 bonu

202 3013 261 3057 non
284 2993 364 3062 dico,
387 2990 437 3046 secl
461 2989 552 3045 eliaam
577 3009 675 3064 graece
700 2984 878 3057 προηγμένας
904 2986 992 3043 latine
1008 2999 1101 3043 eutem
1118 3008 1183 3061 pro·

195 3079 308 3132 eluatur
326 3077 375 3132 sed
391 3062 556 3148 praeposita
580 3085 633 3130 aut
655 3077 807 3145 praecipua
830 3069 926 3126 malos
950 3078 989 3129 sia
1006 3073 1184 3132 tolerabilius

203 3176 232 3218 et
250 3162 387 3218 nsolliuss
413 3159 467 3217 illa
485 3169 597 3227 eutem,
617 3157 759 3224 morbum,
778 3165 946 3226 egestatem,
969 3156 1109 3224 dolorem,
1126 3176 1194 3212 non.

101 3275 104 3278 ⁴
202 3246 321 3319 appello
346 3242 441 3315 atala,
468 3244 518 3299 secl
544 3248 568 3300 si
594 3244 662 3300 lihet
689 3247 854 3297 reiectanea.
893 3244 925 3294 In
948 3243 1184 3314 histponantnr

159 3344 164 3353 “
199 3331 316 3386 'Philisto
342 3332 433 3395 Plato,
458 3330 534 3382 bonis
557 3331 639 3395 mala:
667 3327 875 3395 necquidquam
890 3326 918 3378 in
937 3330 1058 3380 oratione
1076 3340 1183 3383 mutan-

204 3416 266 3468 dam
286 3415 354 3481 erit,
373 3415 451 3467 etiam
468 3414 571 3467 omissis
589 3414 693 3477 verbis,
712 3428 780 3480 quae
798 3412 955 3481 interposita
972 3422 1041 3464 sunt.
1077 3413 1110 3466 de
1131 3415 1184 3479 off,
1218 3430 1221 3438 ’

203 3500 331 3566 1‚1,a.
356 3508 453 3552 nostra
482 3496 578 3570 legens
594 3526 630 3540 —
649 3496 684 3551 cle
708 3490 788 3550 rebus
808 3499 880 3567 ipsis
907 3508 981 3551 utere
1006 3506 1056 3557 tuo
1078 3497 1183 3556 iudicio
1296 3518 1300 3531 ’

206 3581 295 3651 (nihil
312 3584 384 3639 enim
404 3581 555 3655 impedio),
581 3581 735 3636 orationem
751 3591 845 3636 autem
861 3580 979 3636 latinam
996 3574 1103 3654 effities
1121 3599 1186 3656 pro·
1248 3604 1254 3616 ³

128 3693 134 3709 =
206 3665 289 3742 ferto
308 3666 433 3742 legendis
454 3667 559 3721 nostris
578 3665 742 3738 pleniorem.

241 3773 296 3823 Cio.
316 3771 348 3823 de
369 3770 421 3822 off.
436 3769 468 3833 L,
485 3769 538 3837 tt,
555 3768 617 3822 153.
633 3771 817 3841 princepsque
837 3769 959 3822 omnium
978 3768 1114 3822 virtutum
1134 3765 1188 3823 illa

205 3856 365 3927 sapientia,
390 3872 473 3927 quam
500 3856 606 3924 σοφίαν
636 3851 739 3909 Graeci
762 3863 865 3906 vorant
893 3851 1080 3922 (prudentiam
1104 3856 1187 3920 enim,

208 3959 292 4010 quam
314 3939 415 3994 Graeci
435 3932 592 4008 φρόνησιν,
616 3939 705 3993 aliam
725 3934 874 4010 quamdam
890 3936 1090 4010 intelligimus,
1117 3957 1188 4010 quae

159 4020 165 4027 ’
207 4034 250 4079 est
262 4021 586 4094 rerum·expetendarum
604 4021 862 4099 fugiendarumque
878 4023 1003 4090 scientio)
1022 4021 1075 4076 illa
1091 4035 1189 4079 autem

211 4110 370 4180 supientia,
389 4106 472 4181 paam
490 4109 645 4181 prinoipem
662 4109 739 4174 dixi,
759 4125 848 4160 rerum
866 4118 910 4163 est
928 4080 1085 4164 ‹livineirufl
1098 4119 1128 4164 et
1139 4107 1188 4164 he·
1270 4120 1273 4125 ’

215 4210 359 4249 memsam
373 4193 500 4252 seientia.
528 4191 562 4261 1,
577 4193 631 4261 23,
647 4191 691 4247 19.
715 4195 827 4265 omnino
839 4191 920 4252 iliad
937 4193 1093 4262 honestare,
1114 4192 1190 4269 qual
