2618 4770
505 311 553 394 s,
596 309 670 392 su,
713 307 805 376 aas
860 328 919 371 ν.
1061 300 1064 309 “
1106 313 1148 381 ss

110 487 158 528 sse
185 462 355 545 diximus,
383 465 486 528 etiarn
511 464 553 527 ad
577 475 708 551 tempus
723 461 921 527 transfertur
937 463 972 525 in
986 461 1142 529 formulis
1182 489 1186 496 ’

109 548 275 629 istaista,
302 573 326 612 a
349 551 485 634 primu,
523 549 587 629 ita,
617 560 655 612 ut
686 548 729 613 ab
753 570 825 612 non
848 556 916 611 tam
937 548 1142 645 principium

109 647 127 697 at
148 658 215 699 rem
234 657 279 697 ex
297 635 462 722 principio
480 636 674 713 continuam
692 633 878 721 significet,
897 643 945 703 uti
964 654 1065 730 snpra
1081 635 1141 699 de-

109 720 363 795 noustruvimus,
379 721 635 805 quamprimum
648 731 788 807 partem,
811 740 895 804 quae
911 718 996 780 circa
1010 721 1142 786 mitium

109 807 146 869 rei
160 805 310 871 cernitur.
339 805 400 868 Est
414 806 515 892 igitur
530 830 554 869 a
563 807 679 892 primo
694 807 717 870 i.
735 829 768 891 q.
787 804 968 890 inprime,
986 816 1141 872 nostrum

109 888 255 978 assuage.
791 955 799 962 .

192 993 246 1044 Cic.
266 1009 317 1060 pro
335 993 439 1043 Cluent.
461 990 589 1056 50‚138.
614 990 733 1063 perinde>
750 996 836 1063 quasi
858 1008 911 1064 ego
935 986 1040 1043 nonai»
1057 990 1139 1042 initio

157 1077 237 1132 buius
256 1072 434 1146 defensionis
453 1077 589 1139 dixerim,
620 1069 790 1132 invidiosum
806 1076 878 1130 iliud
886 1071 983 1145 fuisse
996 1074 1138 1128 iudicium.

157 1164 175 1213 i.
199 1182 223 1214 e.
253 1162 300 1213 sub
321 1162 409 1213 initio.
431 1163 464 1214 dc
492 1164 550 1213 Fin.
569 1160 608 1225 3,
625 1161 663 1225 9,
690 1160 733 1213 32.
752 1162 826 1232 quod
848 1174 942 1214 autem
965 1163 994 1213 iu
1012 1177 1066 1231 quo
1088 1159 1137 1211 Sa·

153 1253 262 1318 pienter
275 1235 401 1308 dicimus,
418 1245 449 1300 id
464 1268 482 1300 a
496 1250 586 1317 primo
598 1249 749 1301 rectissime
760 1246 869 1300 dieitur.
886 1247 904 1296 i.
915 1265 938 1297 e.
952 1246 981 1296 in
994 1244 1136 1314 principio.

156 1337 195 1384 lta
214 1333 284 1384 enim
301 1343 373 1384 recte
388 1333 559 1393 emendarunt
580 1333 666 1383 critici
687 1330 815 1382 librorum
831 1331 985 1399 scripturam
999 1331 1136 1400 apprime,

148 1419 293 1489 ,adprime
321 1415 482 1480 5,15,41.
509 1436 579 1468 naue
600 1433 665 1468 vero
691 1435 708 1467 a
731 1415 953 1488 primoquidem
968 1413 1135 1468 mirabiliter

153 1505 260 1557 occulta
275 1514 377 1555 natura
394 1510 443 1554 est.
468 1504 550 1553 Plaut.
568 1501 684 1552 Mostell.
699 1499 733 1562 3,
751 1501 778 1565 2,
799 1499 857 1552 137.
876 1498 967 1554 hercle
982 1501 1048 1572 quin
1066 1496 1135 1549 neul-

157 1601 210 1642 tum
237 1586 423 1658 improbiores
446 1598 512 1639 sunt
528 1601 646 1659 quamn
662 1586 755 1655 primo
770 1583 885 1637 credidi.
910 1585 1017 1655 Terent.
1030 1582 1134 1633 Phorm.

158 1673 189 1737 4,
210 1675 238 1737 2,
260 1659 302 1724 1'4.
320 1685 415 1743 petam
433 1671 504 1733 binc,
523 1672 596 1724 unde
610 1691 628 1721 a
643 1671 734 1740 primo
751 1670 869 1722 institui.
885 1668 971 1718 Tacit.
986 1666 1091 1730 Anni,
1108 1665 1132 1715 1.
1191 1703 1193 1709 .

157 1758 245 1812 urbem
254 1759 407 1812 Romania
422 1761 563 1826 principio
573 1774 650 1827 reges
664 1752 792 1807 bulmere.
809 1752 879 1820 quod
894 1752 988 1802 reddas
997 1744 1133 1820 anfangs.

154 1845 209 1895 Vid.
229 1847 268 1894 Io.
289 1846 334 1895 Fr.
351 1843 466 1893 Gronov.
482 1844 516 1892 ad
530 1846 620 1893 Sencc.
635 1841 667 1890 de
680 1840 743 1890 Vita
758 1841 828 1898 beat.
843 1835 868 1887 7.
883 1839 978 1889 ctNat.
989 1839 1038 1899 Qu.
1049 1833 1074 1900 5,
1091 1831 1133 1917 143

154 1931 203 1985 lac.
220 1931 340 1981 Gronov.
356 1929 389 1979 ad
406 1929 461 1979 Cic.
478 1930 583 1996 delFin.
599 1926 631 1988 4,
653 1924 694 1978 13.

167 2037 197 2097 8.
235 2032 355 2097 Multis,
385 2031 419 2094 in
452 2030 650 2094 dictionibus
679 2046 722 2092 AB
750 2023 932 2111 respondet
952 2017 1129 2086 vernaculo

109 2115 183 2179 urbo
208 2141 279 2198 un,
313 2139 379 2202 quo
396 2117 463 2180 loci
480 2115 618 2180 notioni*
630 2112 836 2198 adiungimus
854 2109 1028 2174 notionem
1045 2126 1130 2191 pro·

109 2201 261 2280 almitatis,
286 2225 348 2265 nec
371 2225 476 2288 pauca
496 2212 574 2265 sunt
597 2201 691 2278 loca,
724 2197 896 2282 inquibus
920 2191 1004 2257 nihil
1018 2193 1129 2285 impe-

109 2285 167 2365 tu,
183 2311 251 2374 quo
275 2287 456 2351 minusad
479 2288 603 2375 proin
628 2284 779 2369 accipias.
822 2281 909 2346 Illud
932 2285 1071 2365 apparet
1096 2297 1129 2336 su

109 2368 235 2452 formulis
270 2371 315 2436 ab
341 2373 460 2470 eliqua
492 2397 529 2437 re
563 2369 697 2458 aliquid
728 2368 897 2454 religare,
939 2362 982 2429 ab
1009 2361 1130 2446 eliqua

109 2471 180 2539 uerte
204 2462 328 2528 tenere,
343 2469 375 2522 et
397 2482 431 2522 sn
456 2459 537 2522 aliis.

163 2581 239 2630 Cic.
261 2547 298 2629 ite
322 2581 376 2629 Inv.
397 2579 430 2641 2,
456 2574 583 2648 511154.
604 2572 759 2647 funiculo,
777 2575 824 2646 qui
841 2592 859 2626 a
881 2575 974 2644 puppi
993 2567 1128 2639 religatas

153 2663 281 2734 scapham
303 2683 441 2717 annexam
466 2646 601 2718 tradebat.
637 2664 711 2730 Virg.
728 2658 843 2723 Aen.“7',
869 2656 927 2710 105.
946 2673 1030 2729 qnam
1048 2651 1127 2706 Lao·

154 2750 292 2822 medentia
313 2747 399 2818 pubes
421 2754 562 2820 gramineo
582 2753 671 2820 ripae.
685 2745 819 2816 religavit
833 2740 867 2796 ab
884 2760 986 2814 aggere
1000 2738 1125 2822 classem.

129 2838 131 2843 ’
156 2838 180 2885 ln
194 2835 271 2886 ovid.
284 2836 354 2884 Fast.
368 2831 400 2897 4,
419 2833 479 2887 331.
498 2851 599 2908 querno
618 2834 778 2908 religantxa
791 2830 890 2899 stipite
898 2823 1011 2897 funem.
1026 2822 1070 2875 alii
1086 2823 1124 2872 li-

155 2920 189 2970 bri
212 2920 341 2989 praebent
357 2920 385 2971 in
400 2922 507 2989 stipite.
540 2922 594 2971 Ubi
616 2917 759 2971 Frontinus
782 2918 862 2989 Strat.
884 2911 918 2974 3,
947 2911 973 2974 9,
991 2909 1016 2962 3.
1042 2907 1121 2958 dicit:

118 3054 120 3061 1
154 3008 228 3057 sentis
246 3001 407 3075 gladiisque
427 3024 447 3056 a
464 3014 541 3076 tergo
554 3007 670 3075 aptatis.
685 3000 774 3051 nescio
793 3017 826 3050 an
845 3015 900 3049 non
912 3005 986 3049 recte
1001 2993 1125 3045 omittant

154 3090 226 3159 aliqui
242 3089 348 3140 codices
365 3091 597 3161 praepositionem.
614 3090 649 3140 cf.
664 3085 690 3138 4.
705 3085 731 3148 7,
752 3086 807 3147 20.

155 3224 157 3232 ·
181 3196 229 3256 Qu.
254 3193 308 3244 Cic.
332 3193 365 3244 de
379 3193 456 3245 Petit.
482 3212 553 3245 cons.
579 3193 605 3246 3.
626 3209 712 3264 ‘quum
741 3188 854 3241 sinistra
879 3181 1015 3256 capillum
1035 3186 1138 3235 eiusa.

154 3282 244 3333 uertice
280 3288 394 3331 teneret.
434 3282 504 3330 Suet.
535 3268 614 3347 Vesp.
645 3275 670 3328 5.
701 3289 815 3347 quercus
839 3273 957 3343 antiqua
987 3287 1037 3338 per
1070 3277 1126 3317 tres

161 3363 307 3435 Vespasiae
339 3375 438 3434 partus
467 3364 594 3436 singulos
616 3371 728 3432 repente
749 3373 842 3410 ramos
867 3375 885 3408 a
905 3350 1014 3424 frutice
1035 3350 1124 3402 dedit.

156 3447 319 3501 Coniecturae
343 3451 429 3514 factae
450 3460 511 3500 sunt
532 3449 643 3498 multae:
673 3463 734 3495 nam
752 3442 797 3510 qui
814 3441 950 3508 vulgarem
968 3439 1124 3505 scripturam
1207 3507 1209 3512 .

156 3531 303 3594 defendunt,
330 3524 403 3584 nullo
422 3535 540 3601 exemplo
560 3532 809 3600 comprobaverunt,
831 3520 968 3596 fruticem
995 3516 1123 3589 appellari

156 3619 260 3690 stipitem
275 3620 392 3682 arboris,
416 3629 461 3669 aut
475 3618 606 3676 radicem,
632 3633 716 3683 neque
731 3613 781 3682 ipsi
798 3614 869 3665 rauri
885 3616 1025 3661 nascuntur
1043 3621 1057 3652 e
1074 3617 1121 3650 ra-

156 3699 218 3753 dice*
246 3704 415 3772 Oudendorp.
433 3704 472 3754 ita
489 3703 610 3770 concepit
627 3701 744 3752 sensumi
764 3699 795 3748 ab
812 3714 843 3748 ea
854 3705 950 3765 parte,
969 3687 1123 3757 qua'frsstex

143 3798 188 3858 ¹est
203 3809 233 3839 ex
249 3789 342 3840 arbore
357 3789 414 3856 ipsa
428 3799 536 3851 enatus,
553 3786 626 3839 dedit
640 3786 718 3862 arbor
733 3782 848 3850 singulos
861 3794 961 3858 rpmos:
982 3789 1048 3841 quae
1067 3786 1120 3837 quo

156 3874 221 3924 nodo
233 3867 350 3941 intelligi
364 3874 477 3943 possint,
486 3885 545 3925 non'
553 3879 686 3940 assequor.
705 3869 843 3932 Quomodo
853 3865 922 3920 enim
937 3861 1020 3922 l⁰⁰¹¹³r
1032 3855 1060 3906 3¹¹
1070 3871 1121 3923 ‘1¹1⁰
1144 3884 1150 3891 ’
1245 3864 1253 3875 ’

156 3959 214 4008 nasei
236 3960 323 4011 solent
344 3959 463 4021 frutices,
480 3960 568 4010 vocari
583 3968 671 4028 potest
686 3953 794 4007 frutex?
987 4002 994 4022 ἱ

184 4042 250 4093 Caes.
274 4047 304 4098 Β.
322 4046 356 4095 G.
373 4044 404 4109 6,
431 4045 482 4107 28,
500 4042 525 4096 6.
554 4044 621 4098 lraee
645 4029 769 4096 studiose
790 4033 949 4106 conquisita
973 4019 1013 4078 ab·
1034 4018 1120 4076 labris

144 4139 262 4197 ,argento
288 4128 513 4186 eircameladaut.
546 4130 649 4184 Cic-in
670 4116 799 4190 Verres),
820 4119 870 4188 13,
889 4114 933 4177 32·
950 4103 996 4197 liic
1012 4106 1119 4179 seilicet
1167 4202 1168 4207 Ἰ
