2618 4770
424 295 713 391 1101111111
834 286 837 293 ’
928 288 947 386 s
988 293 994 312 '
1031 315 1104 386 ιιι

90 529 94 534 1
161 470 215 522 Cic.
235 470 311 521 Catil.
330 467 364 531 9,
383 467 415 532 9,
436 465 461 519 8.
488 485 521 521 ac
547 465 586 531 si,
612 461 726 520 sublato
753 461 825 526 11101
850 461 958 548 «181191
979 488 997 523 a
1022 473 1104 531 volsis

127 574 207 609 ontne
237 552 389 626 periculum
420 550 691 604 incimmemmaum
714 547 758 603 iet
783 568 839 601 nun
864 539 1060 652 belsariptetc.
1070 563 1104 619 ds

124 643 188 709 Leg
208 643 240 706 1,
259 638 307 702 15,
329 637 371 690 47.
390 646 475 706 atque
494 640 520 690 si
545 643 646 688 natura
669 632 907 704 confirmatura'
897 656 941 691 tus
965 659 1022 694 non
1041 651 1104 714 oris
1163 654 1186 711 s

124 729 246 780 virtutes
272 736 366 776 onmes
389 720 533 776 tollentur.
559 738 639 773 wenn
661 738 718 773 nun
745 719 790 773 elie
816 718 918 774 Natur
934 722 987 779 slas
1013 729 1106 786 Redit

126 809 203 865 niclst
230 804 394 879 belsriistigt.
428 809 469 858 Ita
497 806 566 859 enim
592 806 691 857 habent
719 805 839 868 codices,
867 825 921 859 non
946 818 1034 884 atqui.
1069 820 1104 871 de
1161 830 1166 843 1

10 962 18 977 .
128 897 206 950 offic.
226 893 258 959 3,
277 894 310 957 6,
330 892 375 946 97.
392 902 476 964 atque
497 892 521 942 si
546 890 632 943 etiam
658 888 710 942 irco
734 902 836 944 natura
860 895 1026 963 praeseribit
1051 911 1104 955 et„

126 982 251 1045 Quinctil.
268 982 332 1031 Iust.
350 978 399 1043 10,
418 977 450 1041 1,
471 975 584 1040 26.10,
604 973 639 1041 2,
657 974 731 1038 8.,8
749 975 782 1039 8,
801 974 826 1027 8.

141 1090 193 1148 23.
216 1083 280 1146 Vbi
295 1087 417 1156 ATQVE
440 1100 516 1142 cum
545 1079 728 1143 merutivo
747 1078 973 1166 coniungitur,
994 1061 1104 1150 truns-

56 1171 142 1257 itum
159 1169 264 1266 sperit
281 1189 324 1230 ex
339 1101 589 1230 antecedeniu
568 1167 732 1312 1ιὙ11Γ110
745 1165 897 1249 aliquam
917 1169 1104 1238 conclusio-

57 1255 136 1320 nem
152 1254 363 1318 admittunt.
384 1250 454 1312 Nos
476 1248 634 1313 Germani
672 1271 788 1346 scimus
795 1250 885 1339 ι11111
886 1273 937 1337 po.

162 1377 216 1425 Cic.
234 1393 260 1442 p.
278 1374 380 1423 Cluent.
399 1369 448 1432 19,
468 1365 512 1419 45.
531 1380 616 1440 atque
639 1370 753 1432 scitote,
776 1368 895 1447 iudices,
922 1391 970 1426 aas
995 1377 1105 1448 cupidi.

129 1471 204 1512 tates
229 1487 262 1498 -
286 1476 342 1510 non
353 1452 450 1524 facile
470 1458 499 1508 in
517 1452 613 1508 eodem
631 1453 741 1506 homine
761 1471 820 1506 esse
841 1473 935 1525 posse.
963 1459 991 1509 in
1007 1463 1104 1515 caecil.

125 1547 184 1598 Div.
213 1544 262 1608 19,
287 1541 330 1598 61.
355 1543 398 1594 Ac
421 1538 502 1602 vide,
529 1539 596 1610 quid
614 1537 729 1611 differat
746 1541 817 1592 inter
836 1559 924 1593 meam
942 1547 1105 1611 opinionem

106 1651 160 1686 ac
179 1641 265 1683 tuam.
289 1629 327 1680 ita
346 1626 466 1680 codices:
487 1635 514 1677 et
531 1626 709 1694 probaverunt
724 1624 865 1676 Lambinus
884 1637 911 1678 et
927 1629 1041 1713 Ernesti.

142 1737 196 1799 et.
227 1731 278 1797 Ad
294 1730 360 1794 hoc
377 1751 478 1817 genus
494 1727 684 1792 referendus
708 1727 806 1791 etiem
830 1740 878 1792 est
898 1751 973 1794 usus
997 1729 1106 1818 parti-

60 1821 199 1884 onlnem
241 1815 421 1892 erenthesi,
446 1818 536 1878 cuius
554 1815 639 1878 ratio
660 1835 731 1876 non
755 1813 887 1878 differre
910 1816 1041 1880 videtur
1063 1818 1105 1882 ub

16 1972 20 1976 ,
59 1907 278 1970 rllrumversc
286 1908 405 1988 ,e
419 1923 455 1964 m
469 1899 692 1988 superioribus
711 1899 788 1961 sutis
806 1899 966 1964 declarata
982 1913 1042 1968 est.
1145 1902 1154 1963 l
1209 1901 1212 1906 ’
1251 1914 1256 1944 ³

159 2025 247 2076 Livius
272 2022 325 2086 21,
350 2021 400 2085 38,
423 2020 447 2072 6.
465 2019 496 2075 id
514 2039 599 2093 quum
617 2022 689 2073 inter
704 2038 799 2073 omnes
820 2031 940 2086 constet,
963 2041 996 2078 co
1016 2025 1109 2096 magis
1164 1986 1213 2085 N

42 2108 47 2114 ’
128 2111 212 2162 miror
239 2107 345 2179 ambig'
319 2127 359 2172 σι,
387 2126 507 2180 quanam
531 2103 622 2176 Alpes
647 2109 806 2161 transierim
831 2117 868 2160 et
884 2107 971 2178 vulgo
989 2110 1106 2177 credere,

58 2250 66 2261 .,
131 2194 252 2258 Persian,
269 2196 366 2264 (atque
384 2191 448 2247 inde
470 2209 569 2245 nomen
584 2201 614 2244 et
633 2194 700 2261 iugo
720 2189 837 2260 Alpium
863 2191 991 2262 inditum)
1019 2207 1108 2250 trans-

129 2296 261 2350 gressum.
279 2279 314 2328 ct'.
326 2297 352 2347 p.
360 2275 420 2329 508.
430 2279 483 2329 (hc.
490 2281 568 2342 Verr,
584 2275 610 2339 4,
628 2273 670 2337 65,
689 2273 749 2327 145.
764 2277 796 2328 de
812 2296 864 2345 qno
877 2279 937 2332 loco
947 2281 999 2333 vid.
1013 2300 1039 2350 p.
1046 2277 1109 2333 474.

83 2398 85 2406 ·
129 2368 213 2432 Atque
230 2364 259 2415 in
274 2364 344 2415 hunc
362 2364 467 2414 modurn
487 2361 663 2431 expediendus
678 2371 719 2413 est
731 2362 805 2414 locus
814 2363 941 2424 Quinctil.
960 2360 994 2429 4,
1011 2365 1044 2430 8,
1064 2364 1109 2422 15.

127 2448 233 2502 similia
252 2446 304 2513 liis,
324 2466 394 2517 qnae
411 2465 466 2500 non
484 2457 550 2500 sunt
567 2449 596 2500 in
613 2448 782 2517 quaestione,
797 2451 888 2503 omnis
905 2448 1107 2520 amplificate,
1154 2442 1159 2459 ¹
1228 2450 1231 2458 ’

130 2535 264 2597 minutio,
283 2549 367 2585 'omne
393 2531 513 2604 affectus
530 2549 633 2602 genus,
653 2533 750 2605 (atque
768 2555 802 2587 ea
819 2539 939 2590 maxime
959 2535 1108 2590 iucundam

132 2629 160 2672 et
178 2631 308 2671 ornatam
320 2613 438 2687 faciunt
456 2617 619 2684 orationem)
638 2616 673 2671 de
690 2617 818 2683 luxuria,
839 2620 874 2675 de
891 2621 1021 2675 avaritia.
1052 2624 1108 2676 Pa-
1157 2674 1160 2679 ,
1227 2642 1230 2647 ·

133 2704 264 2756 renthesis
286 2701 324 2754 ita
341 2689 443 2773 signata
457 2705 536 2755 etiam
552 2703 686 2772 praemitti
700 2714 796 2774 potest.

146 2807 199 2872 25.
230 2805 346 2870 Finem
377 2806 522 2892 imponit
544 2806 686 2870 orationi
706 2805 883 2895 porticula,
912 2806 986 2886 ubi,
1017 2807 1110 2893 quod

61 2879 324 2958 demonstratum
344 2892 396 2957 vel
411 2893 535 2955 dictum
552 2901 636 2972 eret,
660 2892 781 2958 iterum
805 2892 1152 2980 comprehenditur,
1165 2951 1171 2963 .

62 2981 154 3044 etita
170 3001 243 3042 rem
259 2988 366 3042 cotom
384 3001 452 3042 esse
469 2941 679 3065 significetur.

169 3081 222 3132 Cic.
247 3084 330 3132 Orat..
342 3079 394 3147 15,
408 3079 450 3132 50.
469 3091 552 3153 etque
571 3082 599 3133 in
616 3059 835 3151 primisdsialrus
854 3076 964 3134 dicendi
983 3078 1111 3152 partibus

136 3165 229 3236 qualis
255 3177 343 3230 esset,
369 3168 528 3220 summatim
553 3163 722 3237 bretiterque
749 3162 951 3233 descripsimus.
998 3165 1060 3219 Unci
1077 3156 1289 3252 3091111111

130 3245 221 3301 haben
247 3254 297 3305 wir
318 3251 390 3305 deun
414 3248 535 3304 turzlist
566 3248 720 3322 dargelegt
752 3249 785 3300 de
811 3249 887 3301 offic.
915 3251 997 3314 1,6‚
1017 3251 1057 3302 19.
1077 3244 1201 3320 aedit,
1180 3208 1293 3300 41114

131 3333 166 3387 tle
181 3337 402 3411 primoquidem
420 3332 516 3407 officit
527 3330 616 3406 sonte
633 3334 761 3389 diximus
784 3335 826 3390 uf.
846 3338 878 3403 1,
896 3335 929 3397 9,
947 3326 989 3387 27.
1010 3335 1042 3416 de
1061 3338 1108 3385 In·
1127 3307 1251 3375 W
1272 3402 1276 3423 Ι

135 3429 205 3471 vent.
224 3420 264 3488 2,’
278 3402 327 3486 89,
347 3420 406 3473 115.
711 3455 713 3463 .

148 3521 206 3586 111.
251 3523 429 3610 Superest,
459 3521 587 3586 utullus
611 3521 787 3586 nonnullos
811 3519 993 3619 formulas
995 3519 1137 3584 teliore·⁸
1184 3443 1222 3583 11
1224 3446 1257 3595 i

16 3669 21 3677 ,
65 3629 160 3706 mu.⁸’
190 3609 365 3695 inquibus
390 3626 513 3686 ATQVE
537 3629 691 3696 usurpari
713 3630 782 3673 soe
821 3596 961 3694 propria
936 3589 1111 3693 signifi:
1196 3647 1293 3726 mv,

66 3695 208 3758 cutione.
1137 3629 1198 3782 χ’

153 3785 181 3842 1.
207 3778 245 3842 ln
261 3776 441 3844 formulam
456 3778 576 3843 abeunt
597 3775 686 3843 alius
702 3791 802 3867 atque
819 3775 927 3858 alius,
942 3797 1005 3862 que
1021 3779 1112 3844 veria

68 3873 101 3928 et
117 3863 295 3951 multiplex
310 3887 361 3929 res
376 3865 585 3951 significetur.

171 3985 227 4037 Liv.
246 3984 278 4048 8,
295 3984 345 4050 98,
362 3985 404 4036 17.
427 3985 580 4055 dilatisque
600 3983 660 4038 alin
683 3993 766 4054 atque
786 3983 846 4036 ulia
865 3982 899 4036 de
917 3998 1014 4035 caussa
1032 3983 1114 4034 comi·

136 4071 193 4122 tiis.
226 4068 701 4137 99,15,7.9,11,9.1,8,4.
731 4069 866 4123 Columell.
884 4067 909 4131 9,
927 4068 953 4134 8,
972 4064 1114 4123 lst'aliam

139 4165 223 4229 atque
242 4153 332 4212 aliam
345 4149 491 4241 foramine
510 4156 646 4227 adaperto
664 4159 772 4231 patitur
789 4154 906 4229 egredi..
1098 4212 1105 4223 ,

753 4245 837 4343 321*
880 4259 885 4266 ’
987 4232 993 4261 ³
