2618 4770
108 324 111 331 =
212 292 276 358 uc
384 338 387 342 .
687 282 758 351 sn.
846 238 849 255 ¹

207 431 322 535 gnam
336 438 404 505 uim
421 458 491 502 eme
501 432 698 531 infortuna
715 436 754 501 in
769 434 1119 525 utramquepartem,
1133 433 1190 523 uel
1200 456 1250 500 aa·
1293 450 1303 488 ¹

211 526 343 607 eundae
358 523 475 592 adres
491 521 541 587 acl
554 521 727 598 aduersas,
741 521 815 610 pitis
832 519 999 609 ignorat?
1011 524 1146 587 Petrou.
1160 525 1216 602 27,
1222 525 1249 585 6.

214 610 342 701 quom
364 607 524 696 poposcit
547 605 597 671 od
618 629 753 673 maniis.
785 607 809 671 i.
823 631 854 673 e.
886 607 927 671 ud
948 629 1068 673 manus
1088 606 1247 677 lavandas.

166 728 169 735 ·
211 697 346 765 Beienu
359 716 413 758 me
430 693 471 756 ad
486 693 630 768 Graecos
644 701 824 779 provocat:
849 714 927 758 num
950 691 986 757 iu
1009 690 1190 759 Plutarcho
1204 691 1247 779 lq-

206 784 246 891 gi
261 780 295 848 ui
311 776 385 862 naci
400 785 499 861 χεῖρας
509 773 603 860 ὕδωρ,
615 777 638 842 i.
651 800 680 842 e.
696 775 942 858 Handwas‘ser,
952 777 1027 842 etin
1035 775 1246 865 Aristophane

100 916 102 923 ι
210 871 291 950 adop
310 861 384 930 nard
407 862 504 946 χειρὸς
525 860 603 946 pecd'
622 863 768 951 τραπέζας
790 864 946 945 alapiona.
980 862 1072 928 Caes.
1103 861 1144 928 B.
1169 860 1258 927 Gal..
1283 936 1286 941 ¹

211 955 245 1049 5,
262 956 320 1033 00.Ι
338 948 436 1014 nulla
448 970 538 1036 pars
555 949 713 1013 nocturni
730 948 894 1034 temporis
910 946 1127 1013 adlaborem
1144 947 1245 1012 inter·

211 1024 371 1104 miltitur.
401 1031 445 1098 cf.
475 1055 504 1097 c.
524 1039 575 1099 11.
606 1032 742 1098 Terent.
766 1033 869 1098 Andr.
894 1037 989 1113 1,1‚
1013 1038 1067 1098 80.
1086 1054 1192 1097 coneo
1205 1031 1248 1099 al

90 1152 93 1159 ·
211 1117 415 1191 concauam.
448 1119 472 1184 i.
491 1141 520 1184 e.
551 1118 699 1184 venatici.
724 1138 872 1204 quocum
895 1119 1045 1184 Gronov.
1064 1117 1106 1183 de
1121 1117 1249 1187 Sceleri·

122 1274 134 1283 ,
264 1212 318 1288 85.
348 1202 429 1292 (76.)
456 1212 629 1292 comparat
659 1214 844 1293 argentum
867 1201 918 1269 ad
941 1201 1141 1269 uescendum
1168 1200 1256 1352 apud
1290 1276 1303 1295 1,

203 1307 207 1313 ’
242 1296 283 1360 'v.
304 1295 366 1372 22,
387 1291 445 1355 52.
471 1289 563 1376 quod
586 1286 815 1353 Iurisconsulti
835 1288 1006 1354 eucarium
1029 1298 1161 1353 vocant.
1216 1310 1256 1352 a·
1300 1318 1303 1325 ·

203 1376 372 1443 'oit.A'nu.
390 1378 421 1456 6,
437 1377 469 1438 8.
490 1374 680 1462 utquisque
698 1373 825 1439 Seiano
841 1374 999 1449 intimus,
1025 1373 1079 1437 ito
1098 1373 1149 1439 ad
1165 1372 1270 1439 Cae-·
1300 1366 1303 1375 ’

192 1463 304 1543 „uaris
327 1459 522 1525 amicitiam
550 1457 695 1524 ualidus.
726 1457 919 1558 intelligunt
941 1459 979 1523 in
995 1459 1171 1523 amicitia:
1200 1453 1265 1523 sed

167 1547 169 1552 ⁸
206 1571 283 1624 ‚esse
330 1554 417 1610 otest
439 1544 489 1608 acl
514 1538 710 1609 amicitiam
727 1543 995 1618 conciliandam.
1021 1546 1079 1623 12,
1102 1549 1156 1609 82.
1187 1544 1267 1608 im·-

202 1632 299 1700 'ouen
337 1655 353 1694 s
387 1630 489 1694 sociis
524 1629 575 1694 oti
597 1625 717 1717 officio
740 1630 866 1719 legum.
893 1628 979 1696 Hist.
1002 1633 1042 1710 2,
1065 1633 1117 1695 17.
1147 1629 1289 1719 long&

203 1742 282 1808 pau
298 1716 347 1784 ad
360 1737 459 1781 omne
473 1714 647 1780 seruitium
654 1710 830 1804 fregerat.

298 1851 333 1910 2.
363 1845 483 1908 Poetae
507 1850 540 1904 et
562 1840 650 1905 inter
677 1863 735 1905 eos
759 1841 955 1927 praesertim
978 1842 1042 1905 Pro
1070 1837 1171 1904 artius
1195 1837 1273 1905 de*

210 1930 418 1996 lectnbantur
439 1947 477 1989 ea
502 1923 675 2002 brevitate,
707 1947 771 2013 qua
793 1926 950 1991 adiectiva
970 1947 1032 2013 per
1080 1947 1140 1991 ane
1156 1933 1273 2012 prae·-

201 2016 414 2105 -positionem
435 2029 511 2073 oum
535 2010 727 2075 nominibus
743 2011 1007 2099 coniunguntur,
1037 2031 1269 2097 quaeserunt

201 2099 386 2164 notionem
403 2095 621 2182 restringant,
650 2106 682 2159 et
697 2097 896 2184 singularem
911 2095 1030 2161 addunt
1046 2094 1265 2183 relationem.

113 2240 116 2248 2
201 2186 312 2273 -Prop.
334 2189 373 2264 2,
390 2185 451 2259 22,
476 2185 529 2245 20.
553 2203 740 2268 ntomquam
763 2181 812 2246 acl
824 2179 998 2330 [armosos
1024 2204 1157 2246 caecius.
1184 2181 1266 2255 i.,e-

200 2265 268 2361 fiir
281 2267 461 2333 Solionlieit
479 2263 587 2329 blind.
609 2268 640 2347 4,
655 2272 687 2347 2,
707 2271 761 2332 29.
784 2289 822 2332 ao
844 2267 915 2331 rius
931 2265 980 2331 acl
998 2265 1087 2331 lites.
1116 2267 1139 2330 i.
1158 2289 1188 2331 e.
1214 2288 1266 2331 aio

201 2349 449 2440 -nilclcternfiir
463 2350 580 2414 Streit.
601 2356 633 2431 2,
652 2357 702 2431 16,
721 2357 775 2416 22.
795 2374 981 2439 niunaquam
998 2351 1133 2423 uenales
1147 2361 1256 2432 essent

200 2439 262 2504 aa
285 2461 406 2505 neonus
423 2436 568 2501 amicae.
590 2441 633 2516 8,
651 2441 781 2517 22,11.
803 2437 859 2502 liic
873 2435 1000 2502 tibiod
1018 2437 1187 2524 eloqiuium
1205 2437 1254 2501 ci-

210 2543 277 2589 ues.
298 2525 321 2587 i.
346 2547 378 2588 e.
407 2521 464 2607 qui
495 2531 588 2585 tuam
620 2521 844 2608 eloquentiam
871 2523 1021 2602 audiant,
1052 2533 1108 2587 aut·
1135 2521 1255 2608 quibus

211 2609 381 2694 eloquium
401 2606 587 2670 auxilietur.
609 2607 684 2671 Vid.
702 2602 833 2672 Cauteri
852 2608 938 2672 Nov.
953 2608 1044 2672 Lect.
1060 2604 1093 2689 22'
1107 2613 1161 2672 20.
1176 2608 1254 2672 Pne-

106 2710 109 2717 ·
160 2734 162 2737 -
210 2705 309 2775 serat.
332 2694 372 2758 ad
397 2694 549 2777 Propert.
567 2697 607 2770 2,
623 2695 660 2772 8,
679 2697 711 2756 7.
734 2693 849 2759 Burni.
874 2693 914 2758 ad
931 2692 1253 2776 Quinctil.'Declam.

210 2780 242 2862 4,
259 2785 312 2844 22.
333 2789 365 2843 et
380 2777 420 2843 nd
436 2778 528 2865 Virg.
546 2777 669 2865 Georg.
689 2783 720 2860 8,
737 2779 791 2843 50.
1145 2782 1147 2786 ”

297 2896 392 2960 ‘Quod
407 2901 526 2966 Propert.
548 2883 582 2964 4,
607 2895 640 2961 5,
660 2895 704 2952 47.
733 2898 816 2949 dixit:
841 2900 945 2953 ianitor
963 2897 1002 2952 ad
1021 2897 1121 2959 dantes
1137 2897 1256 2969 vigilate

278 2985 302 3036 si
322 2982 417 3053 pulset
432 2985 541 3043 inanis,
574 2982 673 3035 surdus
696 2986 725 3036 in
750 2981 899 3038 obductam
918 2985 1036 3037 somniet
1058 3000 1256 3054 arquatorum.

274 3066 345 3119 idem
369 3070 426 3119 fere
452 3078 492 3118 est
508 3060 585 3136 atquc
601 3066 740 3132 dantibus,
759 3067 913 3138 nianificis,
925 3065 981 3138 fur
1000 3068 1045 3121 die
1064 3067 1256 3135 Speudeuden.

278 3153 369 3221 Dictys
393 3154 463 3204 Cret.
478 3153 587 3220 Ephem.
610 3152 645 3216 8,
664 3150 705 3203 15.
730 3170 798 3223 gons
814 3151 949 3208 bellatrix
967 3163 994 3209 et
1010 3150 1045 3206 ab
1063 3153 1094 3207 td
1111 3152 1152 3207 ael
1161 3151 1256 3224 finili·

196 3249 201 3257 ·
279 3253 338 3293 mos
355 3236 503 3292 indomita.
522 3237 540 3290 i.
555 3256 582 3307 q.
600 3238 725 3303 finitimis.
1289 3259 1303 3273 ·=

199 3373 202 3378 ’
292 3366 324 3426 8.
354 3363 472 3426 Poetae
502 3374 535 3426 et
556 3363 734 3449 scriptores
760 3373 836 3460 post
857 3363 995 3450 Augusti
1018 3373 1172 3451 tempora
1196 3387 1256 3452 per

208 3447 294 3510 hailo
317 3448 600 3535 praepositionem
624 3448 786 3520 adiectivis
816 3446 960 3511 additam
983 3471 1085 3513 novus
1107 3451 1256 3537 compo-

200 3529 349 3597 suerunt
376 3530 524 3609 formas,
555 3555 638 3620 quae
661 3534 894 3598 adverbiorum
919 3533 1024 3597 vicem
1050 3533 1254 3599 exhiberent.

209 3615 269 3680 Aa
280 3616 424 3703 plenum
445 3618 469 3680 si
495 3618 605 3682 nificat
629 3620 781 3711 copiose,
814 3615 969 3716 affatims
1000 3618 1090 3704 quod
1106 3631 1156 3684 cst
1171 3642 1255 3709 pro-

208 3702 282 3787 prie
291 3751 301 3783 ,
316 3723 421 3788 usque
438 3642 641 3790 adgpieuum.
666 3704 789 3768 Plinius
806 3703 889 3767 dixit
904 3703 942 3769 in
950 3702 1105 3788 plen-uin.

210 3846 212 3852 ¹
313 3829 407 3896 virgil.
425 3829 522 3896 Georg.
538 3830 564 3893 2,
579 3826 640 3882 244.
659 3828 710 3882 leuc
727 3849 794 3903 ager
811 3829 861 3884 ille
876 3829 976 3895 molus,
995 3831 1141 3902 dulcesque
1157 3854 1176 3887 a
1184 3830 1256 3904 fou·

112 3912 114 3919 '
278 3911 351 3965 tilius
364 3913 455 3967 unciae
472 3913 633 3984 adplenum
648 3915 795 3971 calcentur.
810 3917 903 3966 Horat.
913 3915 997 3966 Caum.
1007 3917 1031 3982 1,
1042 3916 1133 3982 17,15.
1152 3917 1197 3973 luc
1206 3918 1257 3972 titi

278 3999 360 4066 eopia
382 3995 567 4052 manebit'ad
587 3997 702 4069 planum
723 4000 842 4072 benigno
869 4002 939 4052 ruris
962 3999 1098 4056 hoscorum
1120 4004 1257 4072 opulenta

261 4096 371 4136 ,corna
393 4084 518 4152 vegetius
538 4081 572 4149 8,
589 4083 616 4137 9.
639 4086 664 4138 si
685 4103 751 4139 vero
773 4085 802 4138 in
819 4086 911 4156 campi
936 4090 1061 4143 cassinae
1079 4115 1109 4130 -
1131 4092 1162 4157 in
1180 4090 1254 4146 ordi·
