2618 4770
410 364 418 376 κ
493 316 659 393 AVTEM·
1036 326 1104 397 trs·

78 504 81 509 ·
125 480 218 552 617611,
233 500 312 559 qnam
328 483 352 537 si
369 482 427 553 ipse
443 444 567 550 legissel,
589 496 644 532 non
662 474 749 532 indice
767 476 892 549 decepnn
903 479 1037 548 'vidissem
1056 483 1099 552 agi

68 604 97 651 η,
123 575 163 626 ibi
181 573 213 625 de
229 559 356 625 uocabulo
374 566 468 638 ergo),
486 583 564 634 quum
583 564 748 632 cognovisset
764 576 857 618 atatem
875 566 954 617 enimi
975 567 1098 621 affectum

102 688 106 695 κ
125 659 291 726 significare,
310 666 336 708 et
358 651 531 706 Goerenzium
547 652 576 703 in
596 650 752 719 explicando
771 651 937 704 vernaculum
957 653 993 720 ja
1019 654 1099 707 adhi-

74 784 77 789 .
126 745 230 808 baisse,
256 741 389 793 Ciceronis
411 737 492 791 verba
514 737 618 789 reddit:
643 736 720 789 daun
744 732 847 806 glande
875 737 929 789 mia
951 738 987 806 ja
1014 730 1100 795 nicht.

122 829 191 896 {fale
216 823 432 878 commentum'in
449 821 533 875 latino
553 838 673 872 sermone
698 819 842 883 inauditum
868 833 925 886 est,
953 825 1007 877 sive
1026 844 1100 879 usum

77 927 81 935 ·
121 913 266 982 particulae
281 913 309 962 in
325 908 434 979 epodosi
444 944 453 972 ,
472 907 526 958 sive
544 906 598 957 eins
617 905 817 957 collocationem
833 905 966 975 respicias.
1001 913 1099 964 Verum

123 998 191 1051 vidit
209 995 376 1052 Heinrichius
397 993 532 1059 corrigens
551 989 687 1060 spoliarit
702 1016 737 1031 -
754 1008 820 1045 snos
837 1003 935 1062 putes,
955 999 1100 1052 aut-maro
1183 1009 1190 1027 ¹

108 1093 176 1135 etc.
210 1083 278 1134 Nam
292 1089 364 1131 recte
380 1077 496 1146 ponito!
506 1076 602 1144 duplex
620 1085 687 1138 aut,
707 1092 762 1127 non
782 1078 816 1128 ob
830 1078 882 1129 rim
899 1080 1049 1148 aagendam,
1069 1090 1100 1134 nt
1186 1087 1188 1096 '

125 1169 183 1222 viro
202 1167 296 1218 eximio
320 1162 440 1222 videtur,
464 1163 511 1212 sed
527 1169 590 1229 post
606 1158 713 1214 verbum
732 1177 816 1229 cave,
838 1165 909 1234 quod
932 1167 1100 1234 negationem

128 1252 255 1306 continet.
286 1249 357 1299 conf.
370 1265 396 1316 p.
413 1243 474 1298 534.

143 1356 211 1419 15.»
224 1351 262 1414 ln
282 1346 449 1413 reddenda
463 1347 591 1412 ratione
605 1368 701 1433 saepe
716 1318 882 1435 reperitur
900 1355 1133 1453 autenfflbj„

54 1441 148 1506 enim
169 1460 223 1503 exs
251 1433 387 1500 ectaver'
416 1459 425 1474 ·
448 1455 547 1519 quam
565 1431 608 1497 ob
634 1454 781 1497 caussam
799 1435 981 1501 innumeris
999 1463 1034 1504 1n
1048 1443 1100 1506 lo-

17 1534 20 1539 '
57 1528 103 1595 eis
127 1514 166 1587 al
189 1546 247 1598 us,
271 1540 328 1606 qur
351 1529 477 1583 veteres
498 1517 601 1587 libros
624 1539 665 1583 ex
687 1519 906 1607 ,suo-ingenio
926 1526 1100 1599 emendare

56 1610 218 1687 solebant,
238 1616 270 1671 et
289 1606 424 1690 antiquo
440 1615 473 1667 et
481 1604 663 1671 recentiore
682 1613 835 1691 tempore
850 1606 941 1672 enim
954 1630 1018 1695 pro
1035 1634 1101 1674 au-

56 1709 125 1767 tem
148 1692 359 1759 substitutum
385 1699 442 1753 est.
486 1689 552 1771 Sed
578 1698 687 1776 potest
711 1692 795 1757 ratio
820 1691 866 1756 ita
888 1694 1030 1780 apponi,
1063 1706 1102 1761 ut

56 1770 126 1848 non
142 1780 204 1844 nisi
220 1787 354 1840 externa
377 1775 485 1873 specie
509 1775 739 1861 distinguatur,
763 1786 796 1840 et
819 1777 956 1845 alteram
978 1800 1102 1847 novam

54 1877 184 1957 partem
210 1862 423 1948 expositionis
456 1860 643 1924 constituat.
672 1929 682 1938 .‚
693 1858 787 1925 Idem
813 1861 851 1926 fit
878 1862 914 1926 in
938 1866 1100 1932 vocabulo

56 1975 173 2042 graeco
190 1949 300 2035 aspro
314 1944 369 2030 γάρ
385 1942 496 2034 po'sito
506 1994 516 2027 ,
538 1944 579 2010 de
595 1951 661 2043 quo
679 1946 860 2012 Hermann.
876 1948 919 2012 ad
933 1950 1044 2037 Viger.
1064 1976 1100 2019 n.

56 2038 131 2105 845.
145 2036 180 2100 b.
205 2031 305 2098 Conl.
326 2032 483 2116 Heusing.
508 2031 549 2095 ad
571 2031 637 2096 Cro.
664 2031 730 2096 Off.
757 2039 794 2112 1,
815 2037 853 2112 8,
881 2040 910 2098 1.
938 2036 1104 2105 Goerenz..

57 2125 98 2190 ad
113 2118 160 2186 ‘de
182 2120 226 2184 Le
250 2164 259 2182 .
280 2123 320 2198 8,
342 2121 400 2196 11,
422 2121 476 2182 26.
500 2117 625 2182 Mirum
651 2116 687 2180 id
709 2119 849 2182 modum
869 2119 1034 2218 Degcnius
1059 2126 1101 2201 ad

54 2203 124 2276 Cic.
142 2207 182 2271 de
199 2143 265 2268 oli.
284 2207 320 2280 1,
341 2207 395 2266 22.
414 2199 593 2289 particulae
616 2202 695 2269 vim·
708 2203 929 2271 concludendi
945 2208 1100 2294 assignat,

53 2310 92 2363 ut
106 2292 236 2368 idcirco
253 2285 422 2375 significet.

160 2409 307 2471 Schefferus
330 2408 358 2460 in
382 2408 488 2460 Petron.
511 2404 556 2460 48.
577 2417 670 2462 autem
692 2425 749 2462 esse
773 2408 846 2464 enim
865 2412 978 2469 notavit.
1011 2416 1046 2464 At
1063 2413 1104 2485 ibi¹
1162 2475 1165 2480 ,
1268 2469 1275 2477 ,

124 2505 291 2570 opponuntur
307 2513 390 2547 narra
408 2505 439 2546 tu
456 2490 573 2547 milti-
592 2511 643 2563 ego
662 2504 765 2548 autem.
798 2498 891 2565 Neque
913 2497 991 2549 aliter
1013 2515 1036 2549 o.
1057 2497 1102 2550 61.

109 2591 191 2642 extr.
210 2581 255 2632 nbi
278 2579 351 2635 enim
368 2597 402 2631 ne
426 2575 529 2629 admitti
548 2573 651 2646 quidem
673 2588 770 2648 potest.
805 2583 878 2643 Quae
904 2579 927 2632 si
955 2583 1101 2634 accurffins

124 2673 286 2737 reputasset,
307 2683 361 2717 non
384 2663 454 2717 hunc
475 2673 570 2716 testem
588 2662 722 2715 Dr‘onkius
740 2663 895 2729 excitasset,
921 2664 1100 2719 1611611116τὶ-

124 2762 226 2822 pturam
243 2751 272 2802 in
285 2751 371 2804 Tacit.
387 2748 456 2801 Dial.
471 2747 515 2809 32,
534 2749 559 2799 1.
575 2751 696 2819 primum
712 2758 814 2812 autem,
830 2747 920 2800 nescio
939 2766 972 2801 an
987 2753 1099 2820 provido

123 2837 234 2890 consilio
260 2837 421 2888 defensurus.
464 2830 505 2884 Ibi
531 2834 679 2900 necessario
704 2830 846 2885 Rhenanus
871 2834 1018 2887 emendarit
1043 2842 1102 2907 pri.

125 2940 200 2976 mum
218 2921 299 2975 eninr.
334 2919 481 2973 Brissonius
496 2921 525 2969 in
544 2919 652 2987 Parerg.
670 2935 697 2987 p.
714 2914 775 2968 402.
793 2914 871 2970 effert
887 2909 986 2989 Digest.
1004 2919 1056 2985 44,
1072 2920 1099 2985 3,

125 3007 175 3072 10,
196 3007 220 3058 1.
244 2997 363 3076 quatuor
390 3015 483 3060 autem
507 3005 576 3058 anni
600 3011 650 3056 etc.
683 3001 725 3055 Ibi
740 3001 869 3057 transitur
890 3021 938 3074 per
957 3015 1049 3062 autem
1065 3008 1102 3060 ad

60 3106 63 3111 “
106 3082 313 3163 Ι6111106111ο116111
328 3090 377 3143 rei.

141 3200 192 3260 16.
224 3193 405 3281 Priscianus
424 3216 459 3281 p.
478 3197 571 3259 1170.
596 3196 670 3280 (18,
687 3196 749 3273 21,
772 3184 859 3280 172.)
882 3212 1037 3280 graecum
1062 3190 1099 3279 δή

58 3301 136 3345 cum
159 3291 275 3344 nutem
299 3291 484 3364 comparat,
505 3279 664 3365 aflertque
680 3279 818 3342 Terent.
840 3281 901 3344 Ad.
924 3285 962 3359 4,
983 3285 1099 3363 2,“’30.
1115 3280 1182 3348 '.

56 3367 98 3431 id
120 3377 235 3430 utitem
263 3365 486 3450 ursgzportum
508 3388 577 3428 non
599 3377 649 3428 est
665 3365 845 3449 peruium.-
872 3365 929 3430 ubi
951 3364 1100 3432 Terentii

57 3449 433 3538 exemplariaexhibent
447 3449 486 3514 td
522 3449 637 3514 uidem
654 3449 895 3548 angiportum:
918 3472 979 3514 nec
1002 3453 1100 3538 quid-,-

58 3557 159 3622 quam
174 3532 441 3599 desiderabimus.
484 3472 613 3599 lyamcn
636 3555 749 3619 negari
766 3557 835 3600 non
849 3540 978 3620 potest,
998 3538 1099 3603 talem

56 3623 125 3687 vim
149 3619 428 3698 confirmativam,
460 3643 534 3707 qua>
549 3621 753 3684 distinctioni
775 3619 935 3706 quaedam
960 3625 1099 3707 gravitas

56 3707 125 3771 sive
147 3706 260 3770 lumen
278 3705 432 3787 additur,
464 3728 539 3770 cum
561 3706 672 3770 indole
694 3704 789 3769 huius
815 3707 992 3791 particulae
1017 3732 1100 3774 con-

56 3813 187 3878 gruere.
202 3789 277 3856 .vid.
296 3812 332 3876 p.
342 3793 424 3856 660.
445 3791 482 3856 ld
498 3791 601 3878 magis
615 3792 763 3864 sensisse,
773 3810 871 3874 quam
883 3793 945 3856 sibi
960 3794 1106 3880 persua-⁴

57 3899 132 3942 sum
152 3873 302 3940 habuisse
318 3873 446 3941 videtur
462 3872 594 3942 Beierus
610 3877 652 3941 ad
668 3874 736 3940 Cic.
753 3874 793 3938 de
819 3873 885 3938 Off.
906 3881 943 3957 1,
965 3884 1025 3961 22,
1046 3885 1098 3945 77.

53 3961 233 4028 'lilanilcsta
257 3983 309 4024 res
328 3970 376 4024 est
398 3961 434 4026 in
454 3962 714 4050 interrogatione
736 3966 768 4022 et
790 3960 825 4024 in
846 3958 1001 4028 formulis
1024 3969 1103 4032 ecce¹

57 4059 191 4128 autem,
213 4057 268 4110 aar
284 4055 416 4126 autern,
438 4048 477 4113 de
499 4048 615 4136 quibus
630 4047 802 4197 deinceps,
832 4055 865 4111 et
886 4048 920 4114 in
943 4047 983 4113 iis
1004 4049 1097 4132 locis,

55 4132 115 4198 ubi
138 4143 253 4199 aaran
265 4165 308 4182 ·-
322 4130 384 4198 sed
397 4130 464 4201 vim
484 4134 663 4219 verborum
681 4126 741 4222 qui
764 4151 817 4198 em
837 4166 880 4184 ·-
902 4132 1099 4233 1611611111-

55 4216 128 4285 mit.
154 4215 220 4286 vid.
235 4211 332 4289 infra.
507 4228 514 4241 '
560 4236 562 4241 ’
627 4220 629 4223 ’
1025 4236 1029 4243 ’
1075 4222 1078 4231 “
