2618 4770
201 315 265 378 eae
482 382 488 395 κ
582 308 749 397 n'ere..
803 270 921 375 nn*

290 471 340 531 12.
362 466 421 530 Hie
436 464 555 528 similia
572 474 661 541 sunt,
686 463 805 549 quibus
821 462 929 548 aliqua
945 464 1106 527 sententia
1120 463 1259 528 restrin-
1296 466 1299 541 ξ

206 551 294 641 gitur
310 552 371 615 alin
388 551 514 629 addita,
545 572 627 638 quae
644 571 748 634 aequa
766 548 896 612 ratione
918 549 1116 613 consideran
1145 575 1164 612 a
1184 572 1260 636 pro·

205 638 402 729 pretenta,
420 649 423 655 ’
451 637 518 699 uod
533 635 786 722 praecedentem
805 634 896 701 illam
919 637 1024 720 magis
1042 636 1219 698 constituit
1233 647 1261 698 et

208 722 388 810 distinguit.
453 723 501 785 Tos
520 721 690 786 vernacula
705 723 817 808 lingua
832 720 933 784 talem
951 722 1153 784 sententiam
1173 720 1261 783 aliter

209 812 385 898 concipere
409 807 571 874 solemus:
597 830 699 894 quare
725 828 829 893 quum
850 826 981 872 sensum
1007 807 1185 871 reddimus
1207 829 1260 892 per

207 896 308 964 verbu
331 896 369 960 ia
393 893 456 960 der
486 893 589 981 Tium
601 894 652 959 vel
667 889 831 990 smilion,
862 913 931 955 non
955 893 1030 957 ideo
1059 893 1262 956 contendere

206 979 300 1055 licet,
330 969 957 1066 niQVff'ip‘s'iiin‘sig‘iuffe‘eifffreilicm
999 977 1087 1047 Illud
1114 979 1263 1044 enimin

207 1065 407 1158 hisquoque
423 1066 594 1155 coniungit
613 1073 901 1154 aequataspartes.
1024 1078 1027 1084 '
1195 1081 1199 1086 “

312 1188 420 1240 Terent.
454 1187 545 1236 Heaut.
573 1185 604 1248 1,
634 1184 667 1248 2,
689 1169 737 1239 19.
765 1183 832 1256 quid
859 1181 1016 1252 reliquist,
1047 1174 1121 1256 ‘quin
1151 1181 1262 1247 babeat,

280 1289 351 1342 quae
371 1269 483 1341 quidem
507 1275 536 1324 in
563 1269 674 1328 bousine
693 1269 821 1326 dicuntur
842 1266 939 1323 bona?
962 1281 1112 1338 parentes,
1142 1273 1264 1338 patriam

277 1353 458 1420 incolumem,
478 1360 601 1423 amicos,
618 1374 723 1427 genus,
743 1365 897 1427 cognatos,
921 1352 1044 1408 divitias.
1080 1355 1181 1424 Atque
1200 1353 1264 1407 baec

276 1441 393 1514 perinde
417 1453 481 1495 sunt
504 1453 535 1497 ut
562 1441 641 1496 iilius
660 1448 784 1503 aniums,
807 1443 860 1515 'qni
878 1458 911 1495 ea
930 1438 1066 1509 possidet.
1103 1442 1182 1501 Quae
1198 1439 1264 1490 verti

277 1519 401 1599 poscunt:
421 1523 541 1602 freiir'cd
567 1527 623 1598 gite
649 1526 708 1582 dies
736 1523 806 1582 uach
826 1524 887 1577 dem
910 1511 1199 1590 Charakterdessen,
1220 1524 1265 1577 der

277 1631 306 1667 es
332 1611 448 1665 besitzt:
476 1631 628 1687 quamquem
654 1611 762 1686 proprie
788 1611 952 1678 significant:
977 1611 1024 1664 illa
1052 1620 1115 1662 sunt
1133 1610 1205 1673 bona
1222 1609 1264 1658 di-

257 1688 258 1693 *
281 1699 379 1762 nenda,
398 1699 444 1751 sed
460 1699 523 1750 item
539 1699 591 1753 hnc
610 1699 696 1762 valet,
722 1697 832 1767 perinde
849 1697 914 1748 haee
936 1714 992 1748 esse
1010 1705 1039 1746 ut
1057 1695 1150 1758 iliius,
1169 1694 1216 1763 qni
1236 1712 1264 1746 ea

278 1784 413 1854 possidet,
431 1785 539 1838 enimus.
559 1786 651 1836 Horat.
678 1784 763 1836 Germ.
783 1784 813 1841 1.
834 1781 884 1845 18,
901 1780 927 1835 7.
946 1782 1007 1850 quis
1024 1789 1093 1855 post
1114 1782 1186 1832 vina
1203 1798 1264 1850 gra·

277 1884 340 1919 vem
361 1866 492 1925 miiitiani
510 1880 561 1923 aut
580 1878 777 1942 paupertatem
796 1867 912 1937 erepat?
949 1867 1019 1944 Quis
1040 1883 1097 1918 non
1123 1875 1153 1918 te
1178 1870 1263 1935 prius,

282 1951 390 2006 Bacche
412 1967 509 2023 pater,
538 1966 635 2026 teque,
662 1953 760 2006 decens
793 1952 911 2006 Venus?
937 1957 980 2017 Aa
1005 1970 1039 2004 ne
1065 1953 1130 2020 quis
1163 1951 1264 2004 modici

280 2038 422 2094 transiliat
442 2060 553 2095 munera
568 2038 667 2095 Liberi
682 2039 836 2095 Centaurea
857 2047 949 2090 monet
966 2056 1027 2088 cunr
1045 2033 1187 2105 Lapithis
1205 2039 1263 2088 rixa

279 2140 363 2194 super
381 2121 454 2177 mero
473 2124 622 2183 debellata.
658 2129 698 2175 Ita
716 2125 818 2192 antiqui
842 2122 905 2176 libri
924 2123 1057 2174 exhibent.
1093 2124 1191 2172 Sensus
1209 2131 1262 2172 est:

214 2225 217 2230 '
278 2219 307 2262 ut
334 2211 443 2284 quisque
466 2211 537 2266 iuter
559 2211 653 2279 pocula
679 2210 775 2279 gaudet
800 2210 914 2263 ineunda
937 2210 1005 2269 rita,
1033 2207 1072 2259 ita
1091 2217 1187 2257 monet
1206 2207 1262 2256 rixa

279 2295 486 2356 Centaurorum,
512 2313 545 2346 ue
573 2295 631 2367 quis
660 2296 794 2350 transiliat
819 2292 1036 2350 moderationem.
1072 2294 1106 2343 ad
1129 2295 1203 2343 Fam.
1223 2292 1261 2354 14,

278 2376 313 2439 4,
331 2380 373 2432 10.
392 2390 569 2442 sustentate,
588 2397 648 2434 mea
677 2380 816 2442 Terentia,
837 2390 867 2436 ut
887 2389 979 2449 potes.
999 2405 1032 2418 -
1057 2376 1207 2431 Peccatum
1224 2387 1261 2429 est

278 2461 403 2526 nullum,
421 2466 476 2520 nisi
494 2464 569 2536 quod
594 2482 650 2517 non
671 2485 726 2517 una
745 2467 867 2519 animum
892 2482 952 2517 cum
977 2466 1151 2516 ornamentis
1170 2464 1257 2515 amisi·

279 2565 350 2603 neus.
388 2549 444 2608 Sed
469 2552 492 2606 si
517 2550 568 2605 hoe
588 2546 653 2619 fuit
676 2549 771 2604 liberis
795 2553 898 2605 nostris
923 2551 1049 2624 gratius,
1080 2564 1134 2598 nos
1162 2551 1256 2610 vivere,

279 2644 369 2690 cetera
387 2655 553 2710 ouansquam
573 2631 698 2705 ferenda
724 2654 778 2689 non
802 2645 883 2698 sunt,
904 2631 1045 2704 seramus.
1082 2634 1179 2702 Atque
1200 2651 1255 2704 ego,

182 2730 185 2735 ’
280 2720 326 2789 qui
346 2731 373 2774 te
394 2720 538 2789 confirma,
559 2725 619 2789 ipse
640 2740 684 2774 me
700 2741 756 2774 non
773 2741 895 2792 possum.
913 2721 931 2771 i.
951 2739 973 2774 e.
987 2715 1107 2789 sreilicb
1127 2715 1202 2770 kann
1218 2715 1256 2771 icis

280 2801 350 2860 nticb
368 2804 456 2861 selbsr
474 2805 553 2863 nieirt'
567 2811 684 2863 trbsten.
719 2809 831 2864 Fallitur
849 2810 995 2873 Gesnerus,
1017 2804 1061 2879 qui
1082 2814 1168 2879 atque
1183 2822 1255 2869 ¹acest-

279 2889 320 2962 pit
339 2908 388 2962 pro
407 2902 541 2947 attamen.

313 2995 347 3046 Iu
364 2995 449 3049 ironia
470 2996 523 3047 Cic.
542 2996 635 3065 Philip.
655 2995 688 3060 3,
705 2996 738 3060 9,
758 2995 801 3051 23.
823 2999 868 3053 oui
885 3005 999 3048 senatus
1019 2993 1149 3049 consulto
1171 3016 1204 3050 ne
1220 2998 1255 3050 in·

183 3088 186 3093 ’
279 3077 446 3142 tercederet,
464 3078 630 3135 verebatur?
656 3081 691 3135 de
708 3080 935 3149 supplicatione,
955 3081 1053 3144 eredo,
1075 3081 1125 3133 M.
1146 3080 1254 3149 Lepidi,

278 3161 428 3220 clarissimi
450 3168 512 3221 viri.
555 3169 647 3237 Atque
671 3165 701 3219 id
724 3177 785 3220 erat
809 3166 980 3236 perieulum,
1006 3165 1040 3219 de
1066 3168 1143 3221 cuius
1159 3165 1256 3217 bonore

277 3248 499 3306 extraordinario
525 3251 649 3322 quotidie
672 3249 781 3323 aliquid
800 3251 1011 3321 cogitabamus,
1040 3271 1074 3304 ne
1095 3257 1155 3306 eius
1174 3254 1255 3315 usite-

281 3343 327 3390 tur
345 3332 434 3388 bonos
453 3336 641 3406 impediretur.
664 3336 682 3386 i.
698 3354 721 3389 e.
734 3331 853 3410 freilich
874 3358 932 3393 war
949 3359 981 3396 eu
992 3332 1138 3406 farcimen.

197 3456 200 3460 '
296 3440 346 3504 13.
373 3436 497 3505 Eadem
514 3449 561 3502 est
577 3461 628 3507 res
645 3439 680 3503 in
695 3439 751 3514 iis,
784 3459 867 3527 quae
884 3464 926 3507 ex
943 3439 1115 3507 communi
1134 3448 1167 3502 et
1184 3434 1256 3502 uni-

210 3540 303 3587 versa
331 3524 460 3589 ratione
491 3525 536 3586 rei
567 3523 811 3590 confirmandae
839 3549 949 3590 caussa
977 3525 1193 3602 adiiciuntur,
1227 3531 1257 3586 et

752 3597 948 3617 vammum-„naum

209 3606 443 3759 proipintiouem
459 3602 861 3704 inmotarff‘i'igumento
887 3611 1014 3702 aequali
1031 3609 1204 3699 complent
1223 3629 1257 3673 ac

212 3711 274 3758 con
303 3705 402 3763 eruut.
1030 3725 1033 3729 ·

312 3814 389 3867 Hunc
415 3832 490 3869 usum
514 3832 568 3871 oon
596 3825 755 3883 cognoverat
787 3813 970 3887 Spaldingius,
994 3831 1080 3882 ‚quum
1113 3813 1143 3866 in
1178 3813 1256 3865 tribus

278 3897 451 3958 Quinctiliani
466 3901 541 3964 locis,
560 3919 662 3955 omnem
676 3902 803 3955 librorum
818 3901 1002 3954 auctoritatem
1019 3917 1157 3966 respuens,
1175 3897 1256 3951 conie-

278 3992 365 4037 cturas
383 3985 508 4051 probaret
526 3997 625 4040 temere
647 3986 739 4040 factas.
774 3984 807 4050 4,
827 3987 861 4052 2,
880 3986 921 4038 10.
944 3984 1044 4041 deinde
1055 3980 1175 4054 fatetur
1193 3987 1259 4052 ipses

277 4083 331 4136 Pr0
353 4066 471 4127 Rabirio
499 4071 631 4128 Postumo
655 4089 783 4127 narrasse
807 4071 982 4126 Ciceronem:
1001 4081 1086 4142 atque
1104 4068 1156 4122 ilie
1174 4080 1203 4122 et
1220 4087 1262 4120 ne·

276 4155 374 4236 pavit,
403 4159 562 4227 pervenisse
582 4157 621 4212 aci
648 4155 797 4214 Rabirium
821 4160 983 4227 pecuniam,
1007 4175 1063 4227 qua
1088 4155 1124 4211 de
1148 4175 1180 4210 re
1205 4162 1264 4209 erut
