2618 4770
227 350 291 416 550
689 339 799 408 ttVT.

255 502 414 591 uidqusm
444 496 680 565 intermedium
709 494 920 577 admittatur,
939 504 985 560 ‘et
1005 495 1172 576 tertium,
1203 498 1269 586 quot

232 530 365 669 lliciutt,
388 584 590 664 excludatur,
611 593 668 646 sut
682 576 858 645 disiunctio
872 600 944 646 non
959 578 1065 669 plenu
1081 594 1156 660 est,
1182 595 1215 648 et
1228 608 1270 651 nc·

159 696 164 703 ·
233 676 381 742 cessitate
396 693 512 759 expers
526 671 591 751 ita,
610 678 736 730 utnon
755 687 858 752 aequa
878 669 965 732 ratio
984 668 1078 732 inter
1097 680 1270 758 utrumque,

233 761 325 851 quod
347 756 576 855 distinguitur,
610 752 812 832 intercedet,
843 752 902 817 sed
925 754 1070 818 alterum
1095 750 1133 819 in
1158 755 1270 821 ulterius

232 849 344 914 locum
360 843 593 918 substituatur,
608 847 653 902 et
666 832 801 902 arbitrio
819 835 892 902 lieri
906 838 1058 904 videatur
1074 841 1269 929 compositis

233 927 342 1000 Latini
358 930 449 994 illum
465 924 692 991 necessitatem
706 924 900 1073 exprimunt
915 924 1081 1012 porticula
1098 927 1136 990 in
1153 931 1269 1015 utraqu

259 1030 327 1084 crte
369 1015 450 1078 osita
465 1022 583 1076 aut—
602 1018 682 1090 aris,
706 1031 742 1073 ve
771 1042 815 1058 —
831 1008 891 1073 vel.
935 1008 972 1073 ln
992 1005 1268 1097 disiunctionem·

232 1043 294 1172 llus
310 1038 515 1177 intueretur,
539 1095 638 1162 veluti
656 1106 717 1158 eret
729 1094 865 1159 Caesar
888 1101 950 1158 aut
972 1095 1082 1176 sitiit,
1114 1101 1266 1164 necessitas

233 1196 388 1279 uppu'ret,
419 1198 522 1272 quum
549 1182 652 1247 altero
677 1181 789 1269 posito
820 1177 960 1243 slterum
984 1180 1145 1266 tollatur,
1183 1181 1265 1251 nlters

233 1274 362 1340 subluto
384 1271 524 1336 alterum
546 1266 706 1332 obtineat.
748 1262 932 1330 Disiunctio
959 1264 1167 1367 cogitatione
1189 1269 1265 1351 lectt,

232 1382 264 1428 v.
283 1383 310 1425 c.
323 1375 415 1445 pace
438 1356 490 1421 cel
506 1347 649 1436 Quirini
672 1344 724 1415 vel
737 1349 875 1429 Romuli
893 1351 1042 1415 dicerem
1064 1354 1138 1419 Cic.
1163 1354 1203 1420 de
1216 1356 1265 1422 Off.

232 1450 281 1528 ὅς’
294 1450 356 1524 10,
376 1444 451 1522 41.,
472 1458 545 1507 entn
560 1440 595 1503 in
618 1460 653 1501 se
674 1430 775 1500 habet
790 1437 1040 1515 necessitatem,¹
1057 1458 1124 1526 qua
1141 1443 1265 1507 absolvi·

231 1544 288 1597 tur
305 1528 479 1617 cogitatio,
508 1536 546 1588 ut
568 1520 598 1587 ei
623 1518 868 1610 nihiliumplius
890 1518 953 1587 huc
977 1521 1115 1610 quidem
1139 1525 1175 1591 in
1192 1536 1265 1616 parte

233 1616 311 1683 addi
333 1613 458 1697 possit,
488 1620 520 1675 et
550 1606 654 1674 altero
676 1602 820 1689 reiecto,
851 1602 992 1674 alterum
1016 1611 1198 1698 cogitetur.
1238 1610 1265 1678 ln

230 1713 370 1788 utreque
384 1696 602 1763 disiunctione
616 1692 797 1758 necessaris
812 1691 888 1779 plus
903 1711 973 1759 uno
991 1712 1110 1761 verum
1127 1719 1198 1763 esse
1213 1719 1266 1763 not

259 1796 361 1862 otest,
392 1795 423 1848 et
444 1792 554 1847 totum
577 1801 614 1844 ac
635 1778 775 1868 plenum
797 1789 864 1853 est,
895 1780 987 1866 qnod
1012 1781 1265 1871 complectimur.

231 1811 272 1938 ln
288 1871 508 1936 disiunctione
523 1889 593 1931 non
605 1860 800 1945 necessaris,
824 1882 923 1951 quum
939 1867 1149 1934 arbitrarium
1169 1890 1266 1935 unctu

231 1978 439 2049 possumus,
452 1955 520 2018 sive
534 1975 571 2017 re
592 1945 659 2015 sive
676 1951 817 2014 notione
836 1952 1031 2035 constituta,
1055 1966 1172 2055 pcrtes
1188 1957 1265 2020 unius

231 2044 360 2133 generis
377 2063 418 2106 ex
435 2040 570 2104 adverso
591 2047 778 2125 ponuntur,
799 2052 938 2121 quarum
959 2058 1026 2102 unc
1041 2064 1071 2105 sr
1086 2038 1204 2107 locum
1218 2043 1266 2106 ob·

230 2132 333 2210 tinet,
363 2127 498 2191 alteram
521 2146 589 2188 nou
613 2140 682 2186 esso
699 2118 945 2209 praedicamus,
970 2142 1069 2210 quem
1098 2148 1178 2192 unm
1207 2127 1265 2193 fieri

230 2218 360 2304 potest,
385 2216 421 2275 ut
436 2225 573 2296 utreque
590 2207 746 2288 tolletur,
770 2213 824 2271 sut
839 2208 927 2272 uliud
945 2211 1025 2295 quid
1041 2150 1264 2279 sulrstituntur:

230 2323 302 2367 non
318 2297 483 2362 absolutus
505 2307 553 2359 est
575 2294 624 2358 rei
645 2289 697 2358 vel
718 2292 864 2357 notionis
892 2294 1042 2360 ambitus·
1090 2298 1206 2388 Lngici
1226 2299 1265 2363 di·

231 2388 311 2450 cun't
326 2393 437 2469 partes
453 2378 734 2453 essecnntrcrius‚
758 2398 827 2442 non
851 2378 1136 2448 contradictorius.
1179 2386 1265 2475 igitur
1289 2450 1293 2455 ,

228 2470 265 2534 hi
282 2467 376 2532 modi
393 2464 552 2530 relatione
570 2462 744 2529 differunt:
766 2462 801 2526 in
826 2463 929 2528 altero
949 2467 1038 2530 enim
1055 2481 1170 2554 partes
1188 2471 1265 2537 refe·

228 2560 350 2619 runtur
368 2550 408 2615 sd
421 2558 551 2632 totum,
573 2550 608 2613 in
629 2550 731 2614 altero
755 2554 864 2635 partes
887 2552 974 2616 inter
989 2572 1026 2617 se
1044 2555 1263 2623 conferuntur.

228 2641 315 2705 thn
332 2656 435 2724 quum
455 2637 527 2700 dico
545 2637 733 2701 cunctisne
749 2654 883 2783 inagna
897 2658 1003 2723 pars,
1023 2643 1168 2731 utraque
1183 2642 1262 2707 notio
1308 2656 1309 2693 t

230 2725 269 2790 ed
287 2748 323 2791 se
336 2723 477 2788 invicem
490 2721 649 2804 refertur,
669 2742 729 2785 nec
747 2723 803 2807 qni
827 2739 927 2808 quem
940 2723 1099 2813 impedit,
1124 2748 1193 2814 quo
1209 2729 1263 2792 mi-

228 2834 291 2877 nus
307 2811 442 2874 tertium
458 2831 580 2895 ponas:
605 2818 637 2871 ct
652 2824 756 2893 quum
772 2805 845 2870 dico
864 2817 925 2872 urit
948 2812 1063 2875 cuncti
1087 2826 1151 2878 aut
1166 2834 1263 2889 neme,

228 2898 344 2963 relatio
360 2895 401 2958 lit
416 2896 585 2979 utriusque
601 2893 702 2980 partis
719 2890 760 2956 cd
780 2916 868 2975 esse,
889 2894 941 2960 vel
963 2897 1128 2982 quidquid
1152 2898 1264 2964 intelli·

228 2987 335 3070 gitur,
361 3002 429 3066 quo
446 2980 520 3043 illae
537 2989 652 3065 partes.
664 2976 883 3043 continentur.
924 2981 1012 3045 Haec
1028 2983 1161 3049 etiamsi
1183 3006 1264 3049 cotn-

227 3068 338 3132 munis
352 3084 429 3129 usus
451 3066 614 3131 interdum
633 3063 837 3152 negligenter
859 3074 994 3151 tractat,
1016 3080 1150 3134 constat
1166 3078 1264 3136 tumen

228 3164 316 3219 certa
330 3152 427 3215 ratio.

340 3251 473 3321 Zumptius
490 3271 568 3321 quum
592 3269 619 3303 n.
641 3247 702 3305 838.
720 3244 814 3316 rlocet,
839 3242 869 3301 in
892 3243 940 3305 vel
957 3279 992 3294 -
1010 3252 1060 3307 vel
1077 3271 1133 3309 non
1150 3274 1264 3327 apparete

295 3337 488 3405 oppositionem
505 3337 694 3402 necessariam,
723 3354 807 3404 neque
824 3337 903 3389 ctiam
922 3339 1119 3406 exclusionem,
1137 3342 1264 3394 confundit

292 3421 410 3474 diversas
429 3440 480 3473 res.
524 3425 596 3474 Inest
614 3424 682 3474 enim
698 3422 727 3473 in
744 3423 786 3473 his
804 3423 895 3474 eadem
920 3426 1081 3490 necessitas,
1109 3444 1177 3496 quae
1196 3444 1263 3479 unum

291 3506 416 3559 admittet
437 3517 463 3558 et
479 3509 587 3559 tertium
607 3509 744 3570 excludat,
770 3506 817 3559 sed
835 3526 866 3560 ea
885 3508 919 3559 ad
934 3511 1125 3576 cogitationem
1141 3514 1262 3582 pertinet:

292 3593 361 3645 unde
381 3596 425 3646 vet
441 3609 524 3661 prope
543 3591 645 3643 accedit
662 3595 695 3644 ad
712 3597 780 3648 sive.
809 3594 863 3645 Cic.
886 3594 919 3645 de
932 3599 1005 3645 Orat.
1027 3597 1062 3660 1,
1080 3596 1131 3662 12,
1147 3596 1191 3651 52.
1210 3600 1263 3671 quis

291 3681 365 3731 enim
385 3680 489 3737 nescit,
517 3677 666 3728 niaximum
694 3678 751 3730 vim
777 3681 908 3732 exsistere
935 3683 1055 3734 oratoris
1076 3685 1107 3732 in
1133 3682 1263 3736 homiuum

289 3760 429 3816 mentibus
445 3759 493 3815 vel
509 3760 547 3812 ad
564 3762 649 3822 iram,
669 3772 719 3813 aut
740 3762 779 3815 ad
799 3760 909 3828 odium,
936 3772 986 3816 aut
998 3762 1044 3816 'ad
1063 3765 1190 3821 dolorem
1207 3769 1263 3822 iuri·

288 3844 400 3908 tardis,
418 3846 465 3900 vel
489 3843 525 3898 ab
545 3844 619 3900 lrisce
639 3846 738 3900 iisdem
761 3846 980 3918 permotionibus
995 3847 1035 3902 ael
1058 3848 1205 3906 leuitatem
1220 3851 1263 3902 mi·

287 3931 520 4006 sericordiamqus
545 3932 735 3997 revocandis?
765 3930 884 3984 Tertium
907 3952 962 3987 non
977 3934 1063 3987 datur.
1107 3938 1161 3989 Sed
1183 3934 1264 4006 posuit

286 4024 380 4075 auctor
397 4017 460 4082 vel,
480 4037 558 4088 quum
577 4019 754 4087 intelligeret,
782 4032 848 4084 quse
872 4016 1079 4089 fieripossent,
1113 4016 1264 4092 interposuit

287 4111 354 4167 aut,
371 4101 399 4154 in
424 4102 478 4155 illis
496 4115 567 4157 certa
585 4122 682 4175 genera
698 4102 871 4170 distinguens.
908 4096 911 4103 ¹

319 4186 425 4241 Persius
448 4188 480 4256 1,
503 4188 531 4248 3.
556 4190 604 4247 cst
617 4188 702 4255 duo,
721 4185 769 4244 vel
785 4204 875 4245 nemo.
899 4203 954 4242 non
978 4187 1047 4244 verti
1068 4200 1182 4259 possunt
1201 4186 1264 4250 cisl-
