2618 4770
133 350 200 429 aaa
603 328 736 413 aaa¹
807 358 813 385 ι

60 472 83 557 ss
101 479 170 580 dd
202 506 380 564 omittamus,
405 516 521 570 possam
543 502 687 556 nominare
712 520 747 557 ex
772 521 842 575 agro
873 502 985 559 sabina·
1000 507 1116 565 rusticos

10 574 22 639 1
33 510 100 655 ΗΞ
161 594 164 599 “
202 605 308 641 manos.
326 582 472 653 uhi'nequc
491 596 523 638 ut
539 588 715 641 obiiciendum
736 598 791 651 est,
817 607 902 659 neque
922 610 976 663 age
1002 592 1159 661 explicar-

200 692 249 744 per
267 689 370 742 porro,
386 681 416 721 nt
433 672 499 723 fecit
518 674 698 726 Gernhardua.
734 678 827 743 Neqne
851 674 1009 729 assenserim
1028 678 1159 729 Goeret

200 761 246 829 qui
264 759 297 811 de
314 758 373 808 Fin.
392 756 426 821 2,
443 754 496 818 28,
517 755 560 809 90.
579 760 736 810 sententiam
753 760 924 812 concedentis
948 761 1117 829 intelligens,

199 844 341 916 prehendit
358 859 420 903 eos,
440 841 486 909 qui
503 842 541 905 ita
557 854 629 895 recte
648 843 877 913 interpunxerunt,
896 865 967 917 age,
986 846 1112 918 inquies:
1152 884 1159 900 .

197 948 290 1002 parua
317 936 391 979 sunt.
427 926 482 977 Cic.
507 928 541 977 ad
564 931 619 979 Att.
643 927 677 992 7,
706 928 730 979 1.
755 947 809 999 age
830 928 883 983 hoc
899 930 1004 983 malum
1024 931 1094 985 mihi
1112 952 1159 986 cc

198 1033 280 1068 niune
305 1022 347 1066 est
373 1030 433 1063 cam
458 1009 585 1066 omnibus
636 1013 802 1081 Elegantiam
831 1016 907 1069 huius
936 1017 1067 1068 sermonis
1093 1036 1159 1087 par.

195 1098 334 1199 perspexi:
349 1096 502 1165 Ernestins,
520 1116 598 1169 quum
612 1108 696 1149 mutat
713 1109 798 1170 atque
815 1098 868 1152 boc
883 1101 998 1155 malum.
1026 1101 1099 1153 Dicit
1112 1121 1158 1154 en:

196 1187 305 1237 Cicero:
322 1182 370 1234 sed
385 1182 463 1234 mitte
479 1182 542 1237 hoe.
573 1186 631 1235 Nos
649 1184 745 1236 utimur
763 1184 792 1235 in
802 1184 853 1237 tali
869 1184 989 1238 oratione
1009 1186 1158 1239 exclamatis

194 1271 237 1321 nis
253 1264 390 1338 particulis
408 1265 476 1330 ach,
495 1286 522 1320 a.
557 1270 682 1321 Fortasse
705 1268 738 1321 ad
762 1268 833 1322 idem
855 1289 936 1338 genas
958 1270 1039 1323 etiam
1062 1271 1158 1341 partiar

194 1356 304 1407 Terent.
336 1353 439 1405 Phorm.
458 1353 477 1404 2
485 1392 493 1417 ,
511 1351 543 1416 1,
565 1352 589 1404 1.
617 1357 695 1409 itane
722 1355 836 1409 tandem
861 1374 975 1409 uxorem
999 1356 1084 1409 duxit
1099 1356 1158 1411 Ant.

194 1439 253 1511 pho
273 1442 379 1493 iniussu
397 1439 482 1491 meo?
501 1458 549 1492 nec
569 1458 659 1491 meum
674 1443 835 1509 inspersum,
857 1460 910 1513 age
925 1436 1158 1513 mirto'imperiun

167 1529 172 1547 “·
195 1529 269 1578 Ilaec
289 1523 435 1575 enimenta
455 1523 547 1573 oculos
566 1522 680 1574 habebat
699 1520 913 1576 scholiastest'in
930 1526 988 1575 aliis
1006 1526 1099 1592 libris,
1120 1526 1158 1577 sic·

193 1612 241 1662 uti'
260 1612 289 1659 in
313 1626 361 1670 eo,
392 1625 444 1676 qao
462 1609 554 1659 Cicero
577 1620 719 1675 ususest,
747 1611 883 1677 legebatur
903 1630 937 1671 ac
966 1610 1057 1663 mitto.
1096 1612 1158 1662 Eam

192 1697 253 1747 dem
278 1693 422 1760 scripturae
443 1692 621 1745 diversitatem
646 1695 709 1745 libri
734 1696 860 1746 exhibent
880 1696 908 1745 in
936 1695 1011 1746 Adel.
1030 1695 1064 1761 4,
1081 1692 1158 1762 4,11

192 1781 284 1836 dicam
305 1773 413 1847 fratris
437 1794 497 1830 esse
521 1776 615 1848 hanc?
643 1779 720 1850 quod
738 1778 885 1832 nainime'st
903 1797 976 1849 apris
994 1776 1158 1854 usquamej

127 1860 129 1865 ¹
187 1862 272 1936 ferri.
304 1882 357 1932 age
374 1865 465 1915 mitto.
494 1858 569 1930 sieri
588 1867 668 1932 potis
686 1875 741 1928 est,
767 1874 799 1915 ut
819 1883 926 1935 nequa
945 1877 1036 1921 exeat.
1075 1867 1119 1918 alii
1140 1883 1158 1916 a

190 1955 282 2004 mitto.
303 1952 427 1997 Praesens
444 1965 475 1997 eo
494 1947 573 1997 modo
591 1949 704 2014 dicitur,
722 1967 774 2018 quo
795 1950 859 2001 alibi
877 1952 1003 2002 futurum.
1022 1952 1076 2004 vid.
1089 1955 1157 2004 Bent

187 2036 233 2086 lei.
252 2034 286 2084 ad
302 2033 333 2095 5,
351 2031 382 2096 4,
401 2031 444 2083 23.

203 2167 235 2224 3.
266 2158 357 2221 Turn
374 2180 442 2244 age
460 2169 492 2221 et
507 2183 576 2246 age
592 2158 704 2246 igitar
724 2172 754 2224 et
764 2184 840 2247 «age
855 2184 938 2247 ergo
957 2161 985 2225 is
1001 2162 1090 2243 dicit,
1107 2179 1157 2249 qt

119 2245 295 2334 acquiescit
315 2245 349 2306 in
375 2246 540 2328 aliquare
564 2250 614 2310 vel
635 2247 668 2308 in
692 2246 827 2319 alienius
853 2247 960 2328 dicto,
982 2249 1028 2311 ita
1052 2266 1157 2312 conce

118 2336 210 2413 dens,
225 2341 264 2394 ut
278 2352 354 2394 cam
372 2330 601 2395 adhortatione
619 2333 759 2417 quadam
774 2333 813 2395 ad
828 2333 891 2396 alia
902 2344 1030 2420 pergat.
1058 2334 1157 2398 Grae·

116 2421 146 2482 ci
162 2420 274 2482 dicamt
289 2413 365 2493 εἷεν,
399 2416 483 2480 Galli
506 2417 552 2480 ela.
572 2415 660 2481 tien.
685 2466 689 2473 .
708 2418 768 2482 Vbi
792 2418 890 2481 simul
913 2420 1084 2504 aegritudo
1109 2415 1157 2483 ad

114 2506 222 2602 mnata
244 2513 309 2584 est,
349 2500 398 2564 bis
423 2502 559 2590 ponitur
580 2526 648 2590 age
675 2525 754 2590 age.
806 2505 911 2592 Saepe
942 2507 1056 2570 etiarn
1076 2501 1157 2570 addi

112 2601 169 2654 tar
193 2611 277 2652 rana.
360 2644 363 2649 .
407 2629 409 2634 -
699 2617 701 2623 ·

214 2711 322 2761 Terent.
340 2705 421 2758 Andr.
438 2704 472 2768 3,
498 2703 592 2768 4,19.
622 2708 672 2758 Da.
693 2710 826 2779 quiescas.
861 2710 887 2773 S,
915 2729 969 2782 age
991 2714 1099 2784 igiturg
1118 2706 1156 2765 ab

130 2819 134 2825 ·
181 2816 253 2849 nunc
270 2806 311 2847 est
332 2793 434 2863 ipsus?
453 2794 486 2846 D.
505 2795 620 2856 mirum,
636 2797 666 2847 ni
681 2792 758 2846 douai
779 2806 828 2847 est.
849 2813 915 2847 nos:
936 2817 994 2848 nien
1010 2801 1156 2854 meinaetwe

179 2900 251 2952 gen.-
270 2898 336 2948 nrag
355 2897 384 2932 es
402 2894 480 2947 seyn.
499 2878 600 2944 Adelph
625 2876 710 2941 2,1,
729 2877 773 2930 47.
792 2873 927 2933 scamina
945 2883 1084 2951 postulat.
1100 2902 1156 2957 age

180 2968 236 3018 iam
253 2968 354 3034 capia,
381 2963 465 3015 niodo
479 2962 504 3014 si
523 2972 666 3032 argentum
685 2962 794 3016 reddat.
815 2982 878 3015 nos:
894 2985 949 3018 nun
966 2967 1009 3020 ich
1030 2966 1101 3022 bin's
1117 2988 1156 3021 ια·

172 3047 297 3120 frieden.
329 3051 434 3100 Phorm.
458 3046 490 3112 3,
514 3045 547 3112 3,
570 3044 613 3097 24.
653 3049 686 3103 G.
706 3059 839 3127 quantum
864 3061 906 3104 est
934 3071 1007 3122 opus
1028 3052 1156 3126 argenti?

176 3133 313 3206 eloquere.
344 3136 371 3184 P.
393 3129 471 3184 solae
489 3133 604 3199 triginta
629 3135 728 3185 niirzae.
763 3136 796 3185 G.
829 3138 970 3208 triginta?
999 3137 1049 3194 hui
1065 3158 1156 3208 perca·

176 3220 262 3283 ra'st,
284 3217 430 3271 Phaedria.
464 3219 491 3266 P.
511 3219 598 3268 istaec
623 3234 688 3268 uero
708 3215 774 3270 nilis
792 3230 847 3272 est.
883 3223 916 3270 G.
943 3241 1014 3291 age,
1042 3243 1096 3295 ago
1119 3226 1156 3278 in.

175 3302 412 3356 ventasreddam.
447 3297 479 3365 4,
498 3297 588 3361 3,57.
616 3318 684 3369 age,
705 3320 758 3371 age
775 3307 831 3356 iam
850 3304 953 3357 ducat,-
979 3306 1064 3361 dabo,
1093 3310 1114 3366 i·
1133 3328 1155 3364 e·

175 3399 244 3460 gut,
264 3397 331 3457 gat,
352 3406 380 3438 er
398 3404 462 3454 mag
482 3387 523 3436 sia
541 3382 691 3436 heirathea.
726 3387 779 3440 vid.
795 3392 891 3440 Donat.
914 3392 947 3442 ad
962 3394 1057 3445 Heaut.
1079 3394 1115 3458 4,
1131 3392 1155 3457 3,

173 3471 217 3524 44.
248 3475 357 3523 Petron.
374 3470 415 3521 82.
434 3489 516 3540 qaum
537 3473 760 3524 constantissime
778 3485 805 3525 et
823 3479 1007 3529 centurionem
1023 3489 1052 3530 et
1071 3477 1155 3550 legio·

170 3579 233 3613 nem
250 3577 337 3611 essem
356 3559 521 3608 ementitus.-
539 3573 592 3623 age
608 3570 691 3624 ergo,
715 3559 806 3628 inquit
826 3559 892 3627 ille,
921 3564 950 3614 in
968 3564 1092 3617 emim
1112 3582 1155 3616 v„

172 3657 230 3699 stro
251 3642 425 3714 phaecasiati
442 3637 545 3690 milites
563 3636 732 3691 arnhalunt?

207 3746 262 3796 Cic.
287 3763 313 3812 p.
335 3745 430 3794 Cluent
456 3739 508 3802 30,
527 3739 570 3791 82.
588 3760 657 3812 age,
683 3741 814 3812 quoniam
840 3748 1035 3817 corrumpendi
1056 3749 1153 3805 iudicii

170 3849 283 3882 caussas
300 3829 349 3882 iile
368 3826 517 3878 resultaret
533 3844 633 3894 graves
657 3826 774 3890 habirit„
800 3826 843 3879 hic
861 3830 986 3895 nullam,
1008 3831 1152 3903 profectio

170 3916 258 3983 ipsius
278 3917 412 3986 pecuniae
432 3912 594 3981 requiratur.
618 3910 637 3961 i.
657 3931 680 3964 e.
705 3912 739 3965 eh
767 3911 838 3965 bien.
873 3917 968 3967 Totam
995 3922 1152 3973 sententiam

168 4000 291 4066 explanat
318 4000 409 4050 Cicero
435 4017 461 4066 p.
486 3996 543 4046 Mil.
571 3995 620 4060 19,
652 3995 695 4048 49.
724 4016 778 4067 age
805 4004 842 4050 sit
870 4002 911 4051 ita
932 3997 1056 4070 factum.
1081 4027 1151 4079 quae

167 4101 266 4134 caussa
287 4103 334 4135 cur
354 4083 477 4138 Roaiam
494 4084 682 4150 properaret?
701 4084 742 4133 De
751 4085 812 4134 Nat.
823 4085 848 4137 d.
865 4086 890 4148 1,
909 4085 952 4150 30,
971 4087 1013 4138 84.
1032 4108 1106 4160 age.-
1124 4102 1150 4144 et

167 4166 211 4223 his
227 4167 372 4222 vocabulis
398 4168 466 4223 deos
477 4164 621 4238 facimus,
644 4164 744 4237 quihus
762 4188 781 4222 a
798 4167 880 4224 nohis
898 4176 1098 4229 nominanture
1119 4188 1150 4229 at
