2618 4770
59 324 62 331 ,
129 262 190 322 000
326 240 329 247 ’
630 248 699 314 ΑΙ).

26 451 29 458 ·
126 411 193 475 ctil.
220 412 259 486 ⁵,
293 411 354 488 11,
386 409 440 470 34.
463 415 515 468 -ut
537 424 643 467 unum
669 399 883 476 addacem,
918 401 968 465 sic
991 403 1108 470 decem
1126 406 1175 471 ad

125 508 270 562 centum·

207 596 250 659 ll.
286 593 469 672 Notiones,
499 608 592 676 quac*
605 588 696 687 ipsae
715 612 788 653 non
811 590 956 676 integrae
974 591 1068 655 inse
1089 616 1173 657 eon-

32 662 34 666 !
124 692 229 759 stant,
252 677 452 744 definil'oni's
476 686 509 740 et
528 674 792 762 amplificationis
822 697 936 753 caussa
955 677 995 739 ad
1012 677 1090 740 olias
1107 682 1174 743 no-

123 767 230 831 tiones
255 763 448 829 reieruntur
477 768 539 850 per
568 782 647 846 prae
675 761 854 826 ositioneni
876 779 936 826 An.
1009 772 1040 825 st
1062 775 1172 839 autem

123 847 484 998 ww·
531 846 618 912 Nam
640 782 764 933 ailquid
788 869 858 910 esse
883 846 1021 911 dicimus
1047 860 1104 913 aut
1130 872 1172 914 ex

107 934 212 1000 'certa
241 957 304 1021 qua
330 945 387 1000 am'
414 931 605 997 conditione
631 939 665 996 et
691 941 805 1021 parte,
846 931 890 994 ita
914 942 953 994 ut
979 933 1049 1020 ipsa
1073 937 1170 1000 notio

95 1021 203 1086 ''alius
231 1020 378 1084 notionis
392 1019 452 1083 ¹v'el
474 1017 522 1082 rei
544 1017 674 1084 ratione
700 1017 940 1098 constituatur,
971 1028 1027 1083 aut
1048 1042 1170 1085 secun-

111 1107 203 1171 'dum
229 1106 374 1204 aliquam
396 1126 489 1184 rem,
521 1123 605 1191 quae
619 1102 797 1167 modulum
814 1111 846 1167 et
860 1103 1009 1190 regulam
1025 1105 1169 1184 exhibet,

15 1196 18 1201 ’
122 1201 177 1256 aut
193 1191 228 1254 in
247 1191 392 1278 aliquem
405 1189 528 1286 finem,
558 1189 612 1256 cui
627 1210 679 1256 res
694 1189 853 1271 destinata
869 1197 929 1256 est.
973 1190 1062 1256 Haec
1078 1214 1168 1258 nunc

120 1277 248 1364 singula
262 1296 526 1365 percenseamus.

207 1404 249 1460 1..
266 1396 397 1473 Dicitur
421 1412 468 1460 An
494 1393 535 1459 de
556 1392 703 1475 ratione,
735 1415 777 1459 ex
793 1416 858 1481 qua
873 1388 1168 1479 aliquidooniide-

80 1479 83 1486 ’
119 1476 281 1564 randum,
319 1492 376 1546 aut
405 1480 501 1545 notio
518 1479 642 1565 ‘aliqua'
663 1479 868 1563 conficienda
889 1479 946 1544 sit:
980 1480 1038 1546 ubi
1061 1479 1187 1545 nostri'

43 1617 49 1639 ,,
118 1564 272 1632 homines
290 1561 424 1666 ponunt
441 1565 473 1629 si
486 1563 629 1666 respicis
654 1562 720 1640 acl,
751 1566 887 1630 ratione
909 1563 1050 1647 lccbita,
1083 1590 1167 1654 quo-

119 1651 179 1714 od.
211 1655 328 1718 Graeci
349 1661 512 1738 usurpant
536 1675 611 1714 κατα
631 1660 664 1713 ct
684 1647 777 1731 πρός,
810 1651 967 1714 Germani
990 1651 1026 1714 in
1052 1656 1168 1737 paucis

117 1737 271 1810 adhibere
285 1747 430 1826 possunt
443 1734 727 1825 praepositionem
742 1735 849 1817 nacla,
871 1735 907 1801 iu
922 1736 1075 1822 plurimis
1087 1739 1167 1804 red-

117 1823 368 1889 dunt'sensum
398 1844 459 1909 per
488 1819 586 1884 verba
608 1820 646 1882 in
668 1819 846 1903 Hirmiclct,
885 1821 924 1887 in
947 1819 1069 1909 Bezug
1092 1825 1167 1912 aras.

52 1947 54 1962 .
116 1906 167 1971 lta
189 1910 383 1994 praesertim
402 1905 566 1969 adiectivis
584 1904 752 1975 adduntur
765 1905 922 1986 nomina,
945 1929 1028 1992 quae
1048 1929 1165 1974 eorum

5 1990 7 1995 ’
111 1994 290 2059 'notionem
313 1992 522 2076 adstringunt
546 2000 642 2075 atque
658 1991 875 2057 constituunt.
914 1992 996 2056 uid.
1014 1993 1166 2060 Gronov.

116 2079 196 2156 Obs.
213 2079 254 2159 4,
287 2083 337 2141 10.
358 2101 393 2165 p.
412 2077 484 2139 147.
512 2073 615 2162 (626.)
643 2076 712 2139 Wo
738 2075 832 2143 kens.
855 2074 947 2143 Lecti
969 2076 1060 2144 Tull.
1078 2086 1115 2157 2,
1132 2088 1164 2146 3.

93 2158 149 2249 ,pi
170 2164 242 2226 134.
265 2163 395 2226 Ernesti
411 2160 451 2226 ad
470 2161 539 2226 Cic.
556 2160 596 2225 de
611 2161 687 2227 Nat.
729 2206 738 2226 .
757 2168 786 2236 1,
806 2147 837 2243 1,
860 2169 889 2226 1.
910 2164 1109 2252 Heusinger.
1124 2167 1166 2231 ad
1203 2216 1205 2218 ψ

115 2248 185 2319 Cic.
210 2248 277 2313 Off.
301 2245 340 2328 3',
364 2254 423 2328 21,
455 2244 506 2311 10.
538 2247 662 2334 Bromi.
693 2246 734 2312 ad
761 2246 903 2313 Cornel.'
921 2244 1041 2334 Epam.
1067 2257 1107 2332 2,
1131 2260 1163 2318 3.

113 2333 354 2419 Wyttenbach.
379 2334 419 2397 ad
443 2333 512 2396 Cic.
537 2331 579 2397 de
600 2332 676 2398 Nat.
695 2333 729 2397 d.
745 2338 785 2414 2,
809 2338 863 2399 62.
886 2356 921 2421 Ρ.
940 2339 1016 2399 773.
1045 2337 1162 2403 Creuz.

5 2434 9 2438 ⁴
29 2505 32 2509 .
111 2419 209 2482 Varia
223 2414 357 2484 miscuit
370 2417 562 2484 Broukhus.
579 2417 620 2484 ad
635 2417 787 2506 Propert.
803 2424 835 2501 2,
852 2421 885 2500 8,
902 2423 934 2485 7.

216 2539 270 2591 Cic.
283 2539 318 2591 ad
333 2541 404 2592 Fam.
421 2537 440 2591 3
449 2578 457 2603 ,
475 2537 525 2602 11,
542 2537 570 2594 2.
585 2535 671 2593 Δ011011
693 2538 728 2592 de
743 2536 897 2610 insignibus
911 2536 951 2594 acl
966 2536 1077 2592 laudem
1092 2542 1162 2594 visis

180 2623 295 2679 obscure
319 2625 444 2678 nuntiari
462 2623 545 2677 solet.
569 2623 599 2678 in
621 2627 699 2676 verr.
725 2626 760 2687 1,
777 2624 830 2688 21,
853 2621 896 2676 68.
913 2623 976 2678 uidi
998 2620 1082 2677 simul
1099 2644 1161 2677 cunt

179 2709 289 2782 populo
315 2710 446 2766 Romano
460 2705 565 2779 foram
582 2706 777 2780 comitiumque
797 2707 964 2762 adornatum
985 2709 1024 2762 ad
1039 2712 1161 2779 speciem

179 2790 335 2866 magnifico
352 2806 464 2857 ornatu,
489 2793 655 2864 adsensum
673 2794 928 2864 cogitationemque
944 2790 1044 2848 acerbo
1067 2806 1095 2849 et
1119 2794 1162 2848 lu·

103 2908 104 2912 ¹
177 2880 265 2952 guirri.
287 2900 315 2949 p.
329 2883 408 2934 Fons.
425 2877 474 2946 15,
493 2877 537 2933 33.
556 2880 647 2931 virum
664 2876 703 2930 ad
722 2875 831 2931 labores
847 2873 915 2929 belli
936 2878 1102 2950 impigrum,
1122 2880 1162 2932 acl

175 2961 444 3036 periculosorum,
475 2963 515 3027 ad
539 2980 619 3015 usum
646 2972 675 3015 et
691 2959 870 3028 disciplinam
888 2964 1018 3029 peritum,
1039 2963 1078 3030 ad
1096 2984 1160 3017 con.

177 3049 244 3104 silia
262 3037 442 3119 prurientem,
468 3047 507 3101 ad
527 3065 619 3099 casum
630 3041 839 3116 fortunamque
850 3042 981 3115 felicem.
999 3049 1032 3100 dc
1049 3053 1111 3118 Leg.
1131 3053 1158 3116 2,

152 3174 154 3179 ,
178 3133 226 3200 18,
247 3133 289 3188 88.
311 3137 365 3189 nisi
382 3131 412 3189 lii
427 3150 523 3185 onrues
543 3130 633 3183 multa
651 3129 689 3181 ael
703 3131 854 3198 *veritatem
871 3129 1055 3186 admirabilia
1073 3136 1159 3189 dixis-

177 3230 248 3273 sent.
276 3220 295 3271 i.
313 3240 338 3273 e.
362 3219 391 3283 iu
413 3213 537 3277 peritate
551 3213 730 3268 admirabilia:
760 3233 845 3285 nequo
869 3216 949 3269 aliter
972 3218 1069 3270 Plinius
1090 3223 1158 3273 Hist.

176 3314 231 3358 nat.
248 3303 275 3366 7,
291 3305 325 3368 2,
347 3305 373 3356 2.
391 3301 574 3376 quorumdam
597 3290 712 3368 c'orpori
726 3310 822 3370 partes
839 3312 988 3355 nascuntur
1006 3303 1044 3355 ad
1062 3305 1159 3377 aliqua

176 3386 325 3441 mirabiles.
350 3389 394 3438 nbi
420 3388 487 3439 nihil
511 3387 663 3438 mutandum
678 3387 792 3441 videtur.
809 3386 866 3444 Cic.
879 3389 912 3439 (10
929 3389 989 3439 Fin.
1007 3389 1033 3453 2,
1051 3388 1095 3464 20,
1113 3388 1158 3446 63.

176 3492 234 3526 riou
257 3471 371 3525 timidus
394 3472 433 3525 ael
455 3484 581 3529 ntortem.
609 3472 654 3525 ubi
669 3473 722 3527 vid.
743 3475 872 3524 Goerenz·
896 3492 923 3540 p.
943 3475 1023 3526 11000.
1039 3475 1095 3524 Am.
1111 3473 1156 3537 30,

9 3627 12 3634 A
67 3546 72 3557 ,
140 3612 143 3618 ,
175 3557 218 3612 85.
241 3556 409 3626 implacatus
434 3557 472 3609 ad
496 3559 670 3610 severitatem
689 3555 846 3610 videbatur.
872 3556 1001 3609 Matthiae
1024 3571 1156 3626 comparet

67 3634 72 3659 ¹
130 3675 132 3679 ·
176 3644 209 3693 de
230 3647 304 3695 Orat.
325 3641 357 3705 1,
374 3639 418 3704 25,
438 3641 495 3693 113.
522 3641 625 3705 1,.32,
642 3639 700 3694 146.
725 3640 1085 3723 2249,200·11bileglt11r2
1115 3646 1157 3695 ni·

56 3736 74 3795 J
176 3727 218 3780 hit
236 3727 275 3780 ad
294 3724 419 3778 dolorem
441 3724 563 3779 acerbius
582 3725 813 3794 accidere'posse.
841 3730 909 3778 Ante
931 3729 1017 3778 omnia
1038 3729 1157 3780 conferri

96 3848 98 3852 ι
176 3812 289 3863 debebat
309 3811 385 3863 Catil.
406 3811 440 3875 1,
458 3808 489 3877 5,
508 3812 551 3867 12.
578 3811 616 3863 ad
634 3815 811 3864 severitatem
832 3811 929 3865 lenius.
949 3814 989 3864 Ad
1004 3812 1113 3875 Fami,
1130 3815 1155 3878 1,

36 3888 40 3892 ’
108 3927 109 3930 =
177 3895 200 3945 1.
228 3895 258 3948 id
281 3895 368 3949 etad
390 3892 555 3950 brevitatem
578 3906 620 3949 est
640 3899 736 3965 aptius
757 3907 785 3949 et
808 3895 1156 3968 adreliquasresprovi·

1 4087 36 4140 ts

174 3977 294 4032 deotius.
324 3980 353 4031 in
377 3985 457 4034 Vcrr.
481 3979 514 4043 4,
537 3979 585 4042 52,
606 3980 681 4063 117..
691 3982 747 4032 situ
772 3992 814 4034 est
831 3983 1026 4054 —praeclaro
1049 3981 1088 4033 ael
1108 3988 1155 4036 ad·

177 4075 310 4142 spectum.
338 4067 389 4119 nisi
417 4069 469 4119 boc
493 4066 526 4117 ad
552 4083 626 4117 usum
651 4066 775 4134 referas,
808 4077 838 4119 ut
859 4071 886 4119 in
908 4070 968 4121 loco
988 4068 1067 4146 l’linii
1084 4068 1154 4125 Hist.

18 4145 144 4242 produ-*b
164 4177 241 4248 aaut.
255 4161 499 4250 ,031ηέώῷοΜ
518 4174 619 4236 emisti&
638 4200 699 4229 mm
707 4198 796 4237 ww
833 4165 836 4176 ⁵

155 4256 161 4270 Ι
525 4239 531 4257 b
