2618 4770
1030 358 1108 405 XVII
1196 428 1199 432 Ι
1291 378 1297 385 ⁴

13 590 21 619 Ι
54 487 159 579 possit.
204 486 306 555 Haec
327 484 443 553 eadem
461 505 576 553 caussa
599 484 678 565 fait,
705 450 902 574 quapropter
929 499 964 557 te
990 491 1104 580 ipsum,

10 624 24 773 q
54 619 250 696 flemme,
266 611 496 695 defenderem,
512 622 611 701 quum
625 614 679 681 alii
694 623 728 680 te
743 613 776 680 in
790 614 904 703 vigeri
919 617 1000 685 libro
1014 621 1104 690 loco-

60 870 312 962 prrbendissent.
351 871 437 947 Nam
457 893 542 958 qnae
560 870 595 938 in
613 870 749 960 antiquis
768 871 977 960 scriptoribus
989 875 1105 965 legun·

58 1012 119 1083 tur,
139 1008 260 1068 cosmo
273 1021 372 1066 sensu
385 1007 421 1067 et
440 1021 481 1067 ex
497 1000 688 1068 vernaculae
707 1000 839 1088 linguae
860 1001 1001 1085 ratione,
1021 1028 1106 1092 qnae

56 1129 177 1197 diversa
189 1137 228 1211 et
242 1126 409 1216 multiplex
422 1149 495 1195 esse
510 1137 635 1217 potest,
656 1127 880 1217 intelligimus,
900 1152 962 1197 nec
976 1152 1105 1221 semper

56 1280 147 1326 unum
177 1257 321 1324 verbnm
347 1255 520 1337 babemus,
556 1278 622 1345 qno
652 1265 755 1325 totam
775 1256 925 1344 antiquae
955 1257 1104 1328 dictionis

57 1386 246 1455 enuntiem
279 1383 541 1472 complectamur.
603 1383 672 1459 Sed
705 1385 855 1473 qnoniam
876 1385 964 1452 nulle
993 1386 1104 1477 lingua

10 1596 13 1607 Ι
56 1515 237 1604 nulliusque
261 1532 341 1579 usus
368 1521 459 1603 recte
488 1498 715 1604 cognoscitur,
735 1511 796 1579 nisi
816 1514 1008 1600 comparatis
1035 1493 1104 1585 aliis

50 1642 173 1732 linguis
188 1651 226 1711 et
250 1639 402 1731 cognate
422 1651 456 1710 et
477 1639 682 1732 alienigenis,
712 1618 933 1731 ego'quoque
959 1645 1104 1712 Graeco-

10 1738 14 1871 ᾗ
59 1792 125 1836 mm
145 1792 246 1837 usum
265 1769 300 1837 in
319 1769 359 1837 iis
380 1770 559 1858 composui,
571 1788 664 1859 'qnae
684 1792 749 1838 non
772 1768 918 1834 omnibus
940 1772 1018 1838 nota
1032 1794 1105 1841 esse

10 1906 14 1979 t
58 1892 228 1986 putabam,
254 1899 460 1967 canocelam
482 1898 626 1989 linguam
643 1897 838 1966 inomnibus
852 1895 993 1965 adhibui.

10 2078 14 2153 -Ι
137 2024 261 2107 Vides,
292 2028 498 2106 Hermanne,
524 1998 614 2111 qdod
637 2050 746 2094 meum
763 2026 860 2093 fuerit
885 1998 1106 2095 consiliumet
1146 2046 1175 2099 .·

59 2153 237 2244 negotium.
278 2156 356 2226 Non
370 2181 481 2224 omnes
494 2154 593 2221 libros
608 2154 691 2244 legi,
712 2177 774 2220 nec
796 2154 925 2236 dubito,
956 2155 1032 2241 quin
1052 2181 1105 2224 mc

58 2282 157 2349 multa
186 2290 224 2349 et
250 2301 371 2370 magna
400 2281 592 2370 effugerint,
619 2291 652 2349 ct
675 2282 746 2370 ipse
766 2281 888 2363 habeo,
922 2283 999 2350 dum
1025 2285 1107 2355 baec

57 2409 185 2489 scribo,
203 2407 248 2475 ed
268 2407 406 2497 primum
427 2408 491 2475 boc
513 2409 660 2503 uolumen
685 2409 833 2486 addenda
858 2421 892 2477 et
913 2411 1108 2502 corrigenda
1163 2381 1172 2400 ³

58 2535 148 2623 band
161 2556 277 2624 pauca.
316 2534 480 2603 Necvero
496 2536 663 2622 quisquam
678 2539 739 2604 erit
758 2542 828 2605 tam'
844 2537 1049 2619 temerarius,
1071 2550 1108 2606 ut
1157 2607 1159 2610 Α

60 2663 237 2745 existimet,
258 2685 295 2730 se
315 2663 350 2729 in
371 2662 436 2730 hoc
453 2664 558 2731 studio
581 2665 688 2733 omnia
702 2665 1007 2753 comprehensurum
1026 2690 1108 2746 esse,

60 2801 115 2858 ent
126 2801 197 2859 tam
208 2789 336 2877 iniquus
343 2791 501 2860 humanae
512 2793 733 2861 imbecillitatis
742 2791 848 2871 iudex,
863 2792 997 2860 utintali
1008 2815 1108 2882 opere

59 2943 132 2987 eam
146 2917 383 3007 perlectionem
399 2919 557 3004 requirat,
577 2920 717 2988 cninibil
732 2919 825 3000 eddi,
844 2930 901 2986 aut
912 2919 945 2987 iu
962 2922 1108 3006 quanihil

58 3046 186 3136 corrigi
198 3045 529 3135 possit,‚praesertim
542 3057 652 3115 nostro
673 3058 837 3135 tempore,
859 3067 924 3131 quo
944 3048 1110 3117 tammulti

59 3173 121 3240 viri
135 3172 227 3241 docti
240 3182 275 3241 et
286 3172 447 3272 ingeniosi
460 3173 493 3272 in
507 3173 572 3242 boc
589 3175 767 3243 litterarum
789 3173 928 3243 studium
949 3176 1112 3257 indelessa

61 3299 221 3368 industria
234 3276 439 3382 incumbunt,
450 3311 493 3403 ⁸et
510 3301 598 3387 quod
612 3302 710 3369 hodie
732 3302 860 3368 assidua
875 3275 1042 3392 diligentia
1063 3306 1110 3371 in-

67 3428 281 3519 vestigamus,
305 3450 377 3497 cras
398 3430 439 3496 ab
455 3429 524 3496 aliis
545 3429 609 3497 iam
630 3431 792 3497 inventum
812 3439 846 3496 et
864 3433 1044 3518 expositum
1064 3433 1110 3497 vi-

62 3554 201 3624 demus..
229 3555 300 3626 Sed
313 3556 556 3644 qualiacumque
571 3557 653 3625 baec
674 3581 747 3624 mea
762 3557 841 3638 sint,
863 3533 979 3626 en'tuo
1003 3569 1110 3647 patro·

63 3683 169 3765 cinio',
184 3684 230 3751 vir
244 3684 487 3764 humanissime,
508 3685 688 3766 committo,
706 3685 801 3770 eique
816 3687 1001 3763 commissa,
1022 3696 1111 3772 puto,
1180 3776 1183 3781 ἱ

61 3813 154 3904 apud
165 3815 273 3881 bonos
289 3821 324 3880 et
346 3833 467 3898 aequos
489 3813 625 3883 sortasse
641 3815 777 3900 aliquam
799 3815 1063 3903 approbationem
1079 3827 1112 3883 et

61 3942 309 4013 excusationem
327 3941 503 4022 invenient,
522 3963 628 4027 neque
642 3943 674 4009 in
695 3965 808 4010 eorum
823 3942 971 4023 iuvidiam
985 3943 1111 4012 morda-

62 4094 139 4141 cem
162 4069 348 4151 incurrent,
374 4069 429 4154 qui
450 4069 586 4137 censorii
604 4072 746 4139 muneris
768 4071 955 4160 dignitatem
976 4071 1009 4140 in
1028 4073 1111 4142 inani

830 4200 852 4264 2

771 4427 829 4573 o

55 768 128 814 rum
147 718 374 813 nonnullorum
399 741 561 828 duplicem
581 742 763 811 exhibuisse
790 742 1033 830 explicationem
1052 771 1104 835 re
1231 797 1235 803 ,
1282 806 1287 815 .
