2618 4770
685 311 788 381 AVT.

287 471 410 534 secedo
427 481 510 544 quam
530 466 587 524 leui
604 473 657 522 ant
670 461 762 538 facili
778 460 906 539 affectus.
930 463 1095 545 quoduidem
1111 474 1156 522 cst
1173 482 1206 520 aa
1220 484 1262 522 uon

289 562 347 617 leui
371 566 422 612 aut
439 550 539 625 facili.
565 553 677 623 ¹21,2,
695 551 721 604 6.
744 555 773 607 is
792 577 827 593 -
845 549 976 619 hospiciis
1001 553 1169 624 regulorum
1187 556 1263 624 magis

288 640 525 710 conciliandisque
539 656 590 708 per
600 637 755 692 amicitiam
770 638 929 707 principum
945 641 1030 714 novis
1041 635 1181 711 gentibus
1196 655 1261 712 quan

287 730 363 787 betto
380 737 432 781 aut
450 724 534 777 aruris
552 741 608 777 rom
629 714 992 792 cattagtuteaseuhucic.

305 855 358 915 11.
390 840 533 925 Quidam
549 837 773 919 tradiderunt,
806 849 868 902 out
889 838 978 903 nacti
1003 860 1084 905 cum
1111 840 1258 988 panucula
1301 899 1303 905 .

222 933 456 1039 Qiugatiris:
483 923 573 1012 quod
596 923 694 1011 nullu
705 932 811 1012 ‚RQ
853 944 899 988 ert
920 935 1048 1012 potest.-
1125 948 1181 990 am
1198 949 1258 991 cra-
1302 940 1303 947 ’

221 1006 392 1109 nostiusa
410 1014 450 1078 ub
466 1021 526 1076 aut
541 1009 667 1096 incipit,
683 1028 754 1073 uon
771 1009 983 1074 continuatur
996 1032 1062 1099 per
1079 1022 1115 1076 ct
1128 1012 1165 1075 in
1180 1012 1258 1078 alters
1301 1009 1303 1076 i

221 1119 317 1201 parte
340 1095 573 1168 enuntiationis
631 1094 772 1175 mitum,
804 1094 867 1158 uisi
899 1095 934 1159 in
962 1096 1160 1160 anacoluthi
1189 1108 1259 1185 grate
1302 1127 1303 1133 ¹

220 1216 264 1263 ne
286 1187 437 1279 ligantia,
474 1180 566 1248 cuius
622 1181 653 1244 ia
677 1178 838 1270 quaedam
864 1182 1018 1270 exempla
1040 1202 1213 1271 apponam
1227 1183 1258 1248 si·

296 1300 325 1343 fl·

328 1396 383 1448 Cic.
402 1394 435 1445 de
454 1391 513 1444 Fin.
531 1386 635 1455 4,.28,
652 1385 696 1442 7⁷.
714 1390 877 1464 quasivero
895 1397 947 1443 aut
965 1380 1154 1453 concedatur,
1177 1386 1259 1441 irum·

291 1479 373 1536 uibus
394 1475 593 1549 stultiusque
611 1493 714 1546 rrragrro
736 1492 794 1528 csse
810 1476 882 1528 uitia
900 1492 954 1526 -r
970 1474 1001 1529 ir
1017 1468 1103 1547 quasi
1119 1472 1260 1528 attitiae

291 1585 334 1622 res
358 1582 466 1638 quoquc
490 1564 585 1630 ipsas,
614 1563 643 1613 in
668 1555 767 1631 quibus
786 1568 936 1633 peccatur,
960 1560 1081 1613 intersit.
1116 1558 1260 1627 Interposita

291 1651 379 1714 verbs,
397 1663 463 1716 qnae
478 1661 527 1696 nos
545 1643 687 1707 omisimus,
703 1636 1000 1713 caussampraebeb'sint'
1013 1638 1260 1695 mirandae-orsur-

291 1737 343 1790 nis.
376 1739 461 1801 Atque
479 1728 572 1782 eodem
592 1727 714 1794 nomine,
740 1729 789 1782 sed
810 1730 909 1780 frustra
927 1722 1028 1780 studuit
1038 1724 1185 1783 'vindicare
1201 1730 1261 1781 ure-

291 1819 394 1876 reneius
406 1817 459 1868 Cic.
471 1819 544 1868 Brut.
563 1813 590 1877 Ξ,
608 1812 634 1864 6.
652 1812 725 1866 iruna
742 1816 770 1866 st'
785 1822 896 1881 practer
914 1823 1034 1879 ceterm,
1053 1825 1107 1868 aut
1128 1832 1191 1868 cum
1207 1818 1263 1886 pau·

293 1911 332 1961 cis
352 1902 498 1958 sustineret
516 1897 651 1951 dolorem.
686 1899 718 1949 Iu
734 1898 776 1949 his
798 1898 867 1949 enim
883 1896 1068 1954 anacoluthiua
1085 1898 1162 1952 nullu
1179 1914 1263 1970 oppar-

295 1990 412 2052 tnnitas‚
447 2002 497 2038 nec
522 1983 646 2036 convenit
671 1990 700 2036 et
723 1998 773 2050 pro
793 1981 885 2033 'etiam
907 1983 1044 2053 accipere,
1076 1995 1107 2036 ut
1129 1985 1198 2037 bene
1213 1984 1265 2036 ridit

293 2073 460 2136 Ellendtius,
486 2085 571 2136 neque
597 2066 675 2119 etiam
702 2064 757 2117 dici
779 2075 886 2134 poterat
909 2068 937 2120 e't
960 2079 1075 2138 praeter
1102 2080 1222 2134 cetoros,
1245 2078 1266 2125 st
1301 2122 1304 2141 ,

295 2177 357 2214 cum
375 2156 483 2226 paucis.
517 2155 635 2205 Praestat
653 2160 762 2215 autem,
787 2151 861 2220 quod
877 2152 1013 2206 Ernestius
1031 2156 1171 2222 coniecit,
1187 2173 1265 2210 emcn-
1301 2146 1305 2199 Ι

295 2242 395 2296 dationi
412 2236 546 2291 Lambini:
568 2247 619 2290 aut
636 2245 748 2306 practer
765 2244 819 2291 cet.
1134 2256 1137 2261 ·

330 2361 385 2411 cie.
406 2362 475 2408 Brut.
497 2352 546 2419 14,
565 2350 689 2426 58-‚quis
707 2355 781 2427 enim
803 2363 885 2426 putet
912 2366 962 2410 aut
984 2342 1160 2414 celeritatem
1178 2356 1268 2429 ingenii

295 2445 337 2501 L.
357 2444 443 2495 Bruto
463 2466 498 2480 -
517 2435 670 2509 defuisse?
701 2441 749 2510 qui
768 2438 803 2493 dc
824 2450 913 2495 matrs
930 2439 1090 2498 suavianda
1107 2461 1146 2496 ex
1166 2439 1290 2495 cruat·

296 2524 444 2598 Apollinis
472 2534 531 2576 tam
555 2534 636 2578 acute
660 2528 812 2595 argutdqua
835 2529 989 2581 coniecerit.
1021 2526 1177 2578 Ellendtius
1203 2524 1269 2578 eiecit

296 2623 356 2668 aut.
390 2610 442 2662 aad
460 2609 513 2662 rid.
536 2608 655 2665 Welchii
677 2608 813 2663 Emendat.
838 2610 894 2663 Liv-
916 2631 942 2679 p.
961 2610 1020 2663 188.
1057 2598 1134 2664 (irat.
1155 2608 1206 2675 69,
1219 2608 1269 2662 229.

295 2695 347 2752 ssd
365 2713 496 2767 magnam
513 2698 738 2749 exercitationem
757 2713 801 2749 res
811 2692 948 2767 flagitat,
968 2695 1090 2764 nequid
1107 2714 1213 2760 corum,
1230 2697 1270 2767 qui

294 2800 383 2854 genus
409 2780 462 2832 hoc
485 2782 595 2849 sequuti
619 2797 675 2832 uon
700 2768 859 2843 tenuerunt,
883 2769 1155 2850 similofaciamuss
1179 2800 1213 2835 ne
1229 2793 1270 2833 aut

293 2866 379 2923 uerba
396 2867 567 2920 traiiriaruus
591 2874 705 2933 aperto,
730 2881 784 2936 quo
802 2862 902 2919 utilius
920 2875 969 2917 aut
987 2859 1088 2933 cadat,
1112 2878 1167 2920 aut
1184 2866 1270 2921 uolua·

297 2963 343 3005 tur
360 2953 460 3004 oratio.
495 2952 616 3020 Meyerus
635 2949 713 3001 adh.
733 2951 752 3001 1.
772 2949 879 3014 „dicere
894 2949 988 3017 voluit,
1007 2969 1041 3003 nc
1058 2961 1105 3002 aut
1122 2953 1204 3005 verbs
1220 2963 1270 3004 tm-

296 3037 415 3088 iiciamus
432 3045 540 3102 aperte,
559 3044 605 3086 aut
624 3051 731 3087 numero
757 3030 901 3088 servientes
924 3031 1012 3087 insuia
1036 3030 1201 3089 inculcemus
1217 3055 1271 3090 ver-

297 3121 347 3185 bs,
370 3130 417 3171 aut
438 3119 605 3172 concidamus
624 3137 763 3184 numeros,
791 3130 836 3171 aut
853 3120 882 3171 in
901 3121 995 3173 eodem
1019 3139 1123 3190 semper
1148 3139 1272 3176 versemur

296 3224 463 3260 numerorum
476 3209 601 3272 genere.“
635 3225 662 3275 p.
680 3204 781 3257 Glueut.
804 3201 855 3269 46,
885 3201 945 3260 127.
977 3218 1029 3258 aut
1053 3205 1131 3259 illud
1149 3206 1271 3279 afferant,

297 3291 407 3366 aliquid
423 3309 470 3354 se,
489 3291 565 3362 quod
582 3290 617 3367 de
634 3294 670 3344 iis
687 3279 796 3351 duoirus
814 3286 961 3342 habuerint
974 3301 1167 3367 cunipertum,
1190 3293 1223 3345 de
1240 3311 1273 3344 cc·

299 3382 364 3433 teris
382 3378 555 3446 comperisse.
594 3374 670 3429 Nam
689 3371 762 3427 illud
777 3371 888 3445 quidem
906 3378 1018 3429 minime
1033 3368 1214 3446 prolrarrdum
1228 3387 1272 3439 est,

299 3461 339 3515 ad
363 3465 520 3514 notationes
546 3459 795 3529 auctoritatemque
821 3455 974 3512 censoriam
997 3459 1160 3530 exemplum
1180 3463 1273 3518 illusa

297 3544 496 3601 oomuctudirrs
518 3545 636 3600 militari
652 3541 838 3598 transtulisse·
872 3541 913 3596 Ita
930 3545 1000 3597 euim
1017 3545 1191 3599 scribendum
1205 3546 1272 3599 vidc-

298 3640 357 3682 tur:
384 3632 431 3682 alii
455 3630 566 3683 ciiciunt
589 3633 668 3684 verba
692 3618 804 3701 alicuid
826 3645 900 3694 csse,
926 3629 973 3682 alii
997 3630 1118 3683 inserunt
1146 3648 1205 3686 non
1220 3642 1272 3684 snte

299 3726 477 3785 compertum.
518 3716 569 3766 Sed
592 3717 738 3767 sententiae
769 3713 954 3766 formationem
977 3716 1106 3767 Matthiae
1131 3715 1163 3768 in
1188 3710 1271 3772 Wollil

295 3800 417 3856 Analect.
434 3798 460 3853 3.
483 3818 510 3869 p.
528 3798 555 3854 3.
573 3801 610 3850 its
627 3799 759 3868 expediit,
784 3808 815 3849 ut
839 3799 950 3849 alterum
967 3801 1111 3852 membrum
1128 3813 1185 3856 aut
1201 3818 1273 3855 -tc

296 3882 492 3947 tramtuiissc,
512 3895 611 3936 mumta
630 3886 752 3936 orations
770 3899 937 3952 suppressum
954 3885 1130 3939 existimaret.
1168 3891 1204 3940 At
1217 3904 1273 3940 sen·

295 3968 380 4020 tentis
391 3968 419 4019 in
436 3985 495 4020 eum
511 3971 625 4034 modum,
640 3987 717 4038 quem
733 3967 1036 4039 amalasuntam,
1054 3975 1206 4041 composita
1223 3990 1274 4025 csso

294 4053 408 4106 videtur.
440 4052 513 4105 Dicit
528 4055 599 4107 euim
616 4055 725 4108 Cicero:
750 4071 817 4120 „ego
838 4053 916 4106 rideo
939 4055 1004 4106 dnos
1022 4057 1097 4108 solos
1113 4059 1274 4112 condemns·

295 4148 338 4190 tos
356 4156 373 4193 a
389 4138 557 4206 censoribus,
585 4151 646 4210 aut,
668 4141 758 4197 sihoc
774 4155 829 4193 nou
851 4140 1047 4197 concesserint.
1068 4142 1204 4214 offerant,
1228 4143 1274 4200 att·
