2618 4770
589 846 592 851 '
641 850 652 879 i

125 870 132 903 ,ι

124 906 133 957 l

416 975 540 1120 n,
574 973 676 1111 aa,
723 976 852 1072 aas
936 932 943 951 ‘

158 1198 339 1330 Afact'um
363 1263 414 1316 cst
437 1268 481 1317 ex
500 1254 672 1340 primitivo
689 1254 852 1322 vocabulo
869 1273 932 1335 ΑΒ,
959 1258 1078 1321 omissa
1099 1255 1179 1324 ultis

159 1361 194 1401 na
210 1338 322 1421 littera,
346 1339 444 1402 sicuti
465 1363 483 1403 e
506 1339 719 1426 desumptum
741 1351 790 1404 est
811 1341 850 1404 ab
871 1341 999 1427 integro
1017 1344 1177 1409 vocabulo
1242 1390 1245 1395 -

122 1450 128 1459 ·
157 1447 191 1487 er.
227 1424 337 1503 Quare
367 1423 591 1509 antiquiorem
611 1426 759 1489 lormam
781 1425 994 1490 nominamus
1020 1426 1075 1491 ab.
1118 1430 1180 1494 Est

156 1531 210 1573 uro
229 1508 270 1572 ab
292 1512 500 1574 Graecorum
524 1506 595 1591 ἆπό,
628 1510 752 1575 abiecta
773 1511 906 1586 ultima,
938 1522 971 1576 et
997 1507 1091 1576 tenui
1119 1515 1178 1578 lit·
1266 1546 1270 1553 ·

155 1604 204 1657 tera
231 1594 263 1657 in
298 1594 448 1659 mediam
474 1588 620 1679 mutata,
638 1653 640 1657 .
658 1596 941 1683 quemadmodum
973 1613 1016 1660 ex
1048 1589 1109 1662 dard
1138 1600 1178 1664 fit

156 1678 207 1743 aab.
241 1682 351 1766 Atque
375 1681 412 1759 in
426 1685 577 1766 utroque·
588 1681 654 1746 hoc
673 1682 837 1746 uocabulo
848 1704 915 1769 per
932 1681 1045 1744 omnia
1061 1704 1177 1748 saecu-

130 1764 306 1843 ¹bservata
338 1760 409 1830 ess'e
431 1765 603 1830 ridebatur
624 1767 793 1831 nonnullis
817 1767 1040 1854 grammaticis
1064 1778 1178 1854 graeca

151 1851 359 1936 pronuntiatio
390 1844 518 1915 litterae
551 1868 594 1929 Ρ,
621 1875 825 1938 numquam
856 1852 893 1914 in
925 1851 1088 1938 scriptura
1116 1872 1178 1917 ex-

165 1958 245 1999 rcssa.
273 1937 352 2000 'De
383 1937 579 2024 compositis
609 1939 743 2023 quidem
775 1937 882 2002 verbis
912 1946 1041 1999 certum
1070 1944 1178 2003 exstat

149 1957 345 2100 ilnnctiliani
357 2022 586 2086 testimonium
602 2022 685 2086 lust.
702 2029 730 2104 1,-
747 2028 777 2103 7,
795 2028 827 2086 7.-
844 2044 905 2086 nec
928 2022 1047 2084 desunt
1064 2023 1099 2085 in
1120 2019 1177 2088 in-

146 2107 362 2193 scriptionibus
399 2107 519 2170 similia
550 2109 703 2194 exempla
724 2109 815 2173 verbi
838 2108 997 2192 optinuit.
1042 2108 1174 2174 Gruter.

142 2213 169 2278 p.
183 2198 252 2257 502.
283 2216 315 2258 v.
339 2187 395 2257 24.
422 2215 457 2279 p.
482 2198 556 2256 203.
584 2215 615 2266 v.
642 2197 695 2257 40.
740 2195 784 2256 At
807 2193 862 2256 illa
884 2193 1045 2256 sementia
1071 2214 1176 2278 quum

109 2270 112 2371 i
143 2276 196 2342 aliis
210 2279 333 2342 caussis
341 2326 352 2358 ,
368 2286 457 2361 ,tum
470 2280 617 2342 maxime
634 2301 674 2342 eo
697 2277 905 2364 infringitur,
936 2277 1027 2362 quod
1050 2281 1117 2341 anti
1141 2280 1175 2344 ui
1283 2340 1292 2366 ,

139 2362 267 2437 scribere
288 2363 442 2427 solebant
457 2381 512 2428 AF.
557 2363 636 2440 Seu,
661 2375 697 2429 ut
720 2365 764 2426 ait
783 2364 966 2426 Priscianus
988 2386 1023 2449 p.
1041 2365 1104 2427 560
1119 2303 1173 2451 ll,

109 2464 113 2533 ξ
137 2451 161 2528 8,
184 2450 237 2512 46.
258 2449 351 2531 Ka),
374 2449 456 2546 puio
474 2472 549 2512 non
561 2528 564 2536 Ι
571 2461 685 2534 potest
705 2466 780 2525 cau,
799 2448 842 2518 a'ct
860 2459 909 2512 est
925 2447 1117 2534 digamma,
1138 2452 1176 2514 ia

130 2531 200 2620 fine
208 2532 363 2620 syllabae
377 2535 523 2598 inveniri
530 2574 540 2609 ,-
570 2534 648 2598 ideo
674 2536 811 2617 mutatu
832 2538 882 2598 est
910 2533 948 2596 in
968 2553 1000 2596 Β.
1041 2535 1173 2599 Gruter.

132 2619 224 2683 laser.
247 2643 284 2707 p.
303 2621 378 2684 499.
414 2625 465 2683 12.
500 2638 545 2684 AF
567 2638 703 2685 vontus.
740 2619 845 2707 igitur
864 2619 990 2682 litterae
1004 2612 1174 2687 lenitatem

132 2726 148 2769 a
169 2707 286 2792 primis
318 2705 395 2769 inde
416 2705 625 2792 temporibus
647 2707 817 2793 placuisse,
840 2715 929 2768 recte
955 2700 1172 2790 censebimus

128 2792 241 2854 Addita
261 2792 372 2855 littera
394 2810 428 2872 S,-
458 2791 508 2853 uti
530 2791 647 2854 Graeci
669 2794 781 2881 aspro
804 2791 1032 2870 indixerunt,
1066 2785 1173 2856 Latini

127 2875 275 2940 lecerunt
299 2872 378 2939 abs:
403 2877 443 2940 de
465 2876 556 2939 cuius
571 2877 838 2964 origineveteres
859 2886 1009 2938 auctores
1028 2897 1172 2940 consen-

125 2962 221 3024 tiunt.
267 2961 480 3046 Quamquam
496 2961 620 3043 Festus,
641 2963 745 3026 alieno
761 2963 872 3048 lapsus
900 2977 1022 3042 errore,
1045 2961 1173 3049 praeci-

122 3048 172 3136 pit
186 3048 249 3110 ita:
284 3045 593 3132 abs—praepositio
617 3072 641 3112 a
664 3048 797 3113 Graeco
814 3047 994 3110 dcclucitur
1016 3040 1070 3126 dua
1113 3048 1173 3112 Si*

120 3129 273 3220 gnifica
300 3132 414 3195 arctam
439 3132 683 3198 retractionem
706 3135 743 3215 in
768 3144 910 3218 partem
933 3133 1173 3228 praeterieram.
1261 3125 1271 3149 ⁵

124 3219 291 3283 Graccum
313 3217 403 3281 enim
424 3212 485 3297 liu),
512 3218 623 3305 ipsum
640 3243 681 3284 cx
696 3211 754 3283 ἀπό
769 3218 912 3291 facturn,-
936 3239 1040 3303 quum
1055 3219 1172 3306 vulga«

121 3303 153 3367 ri
173 3303 450 3388 pronumtiatione
470 3304 573 3367 latino
597 3306 699 3370 verbo
724 3304 960 3391 responderet,
993 3302 1033 3366 de
1058 3326 1121 3389 qua
1136 3326 1173 3368 re

123 3385 343 3452 Buttmannus
365 3388 450 3451 dixit
471 3389 507 3450 in
534 3390 686 3454 uberiore
703 3392 885 3453 Grarnrnat.
910 3398 1043 3475 graeca,
1067 3413 1102 3476 p.
1119 3391 1171 3469 87,

127 3472 490 3562 etiam-etymologiam
523 3476 737 3562 explicationi
759 3491 872 3538 ausam
896 3474 1060 3559 praebuit.
1107 3472 1171 3537 Scd

120 3557 161 3621 in
184 3558 313 3645 reliquis
337 3560 504 3624 vocabulis
526 3562 719 3649 compositis
740 3562 807 3624 iam
822 3568 946 3627 veteres
964 3557 1170 3645 grammatici

119 3644 590 3733 magnopere‘dubitaverunt,
619 3659 733 3711 utrum
757 3664 814 3726 re,
846 3668 888 3708 au
912 3647 1169 3708 rescriberent:

118 3731 156 3793 in
194 3730 444 3817 praepositione
481 3730 542 3794 abs
566 3754 682 3797 ,nomo
714 3732 878 3794 dubitasse
908 3729 1064 3812 videtur.
1093 3727 1168 3791 Vid.

120 3814 314 3965 scineideri
333 3812 483 3902 Graium.
500 3816 528 3880 Ι.
546 3824 575 3883 1.
597 3842 632 3906 p.
650 3822 724 3884 218.
742 3841 768 3881 s.
807 3817 914 3880 Vossii
931 3813 1168 3900 Etyrnol..Lat.
1216 3858 1219 3863 -

121 3924 149 3967 s.
192 3922 256 3966 .v.

231 3974 359 4081 Qiincfit,
382 4002 426 4071 12,
445 4000 493 4071 10',
511 4004 553 4058 82.
575 4005 641 4079 quid
659 4002 733 4078 quod
751 3995 884 4077 syllabae
901 4006 1012 4051 nostrae
1030 3992 1058 4049 iu
1077 3996 1102 4050 B
1122 3996 1178 4052 lit-v

190 4101 274 4144 teram
295 4086 329 4145 ‘et
358 4090 389 4145 D
412 4084 568 4163 innituittur
589 4090 659 4144 adeo
685 4109 797 4162 aspere,
825 4098 856 4142 ut
878 4086 1004 4156 plerique
1024 4102 1080 4137 nou
1095 4088 1167 4137 anti·

866 4178 880 4255 l
