2618 4770
218 323 281 388 450
317 308 320 313 '
365 403 369 421 .
576 306 635 373 AT
660 307 908 376 ENIMVERO.

220 472 324 541 tionis
337 476 371 535 et
389 463 633 532 asseverationis
658 475 884 548 augmentum.
917 465 1029 546 Quare
1047 470 1203 554 ponitur,
1218 491 1274 535 ne·

219 570 297 649 'gata
314 556 375 621 alia
393 575 449 621 re.
468 552 507 615 ad
525 550 751 614 illustrandam
771 560 803 613 et
819 549 1086 619 confirmandam
1106 558 1274 621 veritatem

222 646 307 715 alius,
326 641 386 709 rei.
428 636 615 713 Pleonasmi
638 636 776 699 nomine
798 635 883 699 hano
908 636 1093 705 formulam
1113 642 1273 729 appellant

221 728 377 796 Veclmer
405 717 441 787 in
465 720 630 787 Hellenol.
656 744 691 809 p.
710 725 782 786 161.
820 720 1031 809 Biinemann.
1060 727 1102 792 ad
1132 729 1269 793 Lactant

222 819 346 899 7911,
370 812 402 905 β·
514 901 517 907 Ι
819 885 822 891 ,

336 932 392 984 cic.
408 930 442 983 dc
458 926 521 983 Nat.
539 928 565 982 d.
583 928 617 996 3,
635 920 671 979 36
680 963 688 991 ,
705 916 747 978 86.
783 941 892 982 oannem
912 921 1030 1002 denique
1046 927 1269 986 commoditatem

292 1018 563 1091 prosperitatemque
589 1017 667 1068 vitae
698 1033 716 1064 a
742 1011 797 1065 diis
820 1033 849 1068 sc
880 1012 998 1068 babere:
1023 1018 1160 1068 virtutem
1187 1028 1268 1070 autem

291 1119 371 1171 nemo
391 1112 522 1175 umquam
542 1093 687 1167 aesopiam
706 1097 759 1150 deo
777 1096 935 1152 16111111.-
955 1101 996 1151 Aa
1012 1119 1078 1154 uero
1100 1112 1155 1154 aut
1171 1102 1269 1156 bonori-

292 1170 344 1243 bus
366 1173 458 1261 aucti,
485 1195 536 1239 aut
558 1199 588 1238 ra
604 1180 761 1253 familiari,
784 1209 816 1223 -
836 1200 920 1255 quum
938 1184 993 1238 diis
1019 1190 1131 1256 gratias
1159 1192 1268 1259 agimus,

292 1285 350 1327 mm
369 1266 442 1324 nibil
467 1279 581 1322 nostrae
608 1267 687 1321 laudi
710 1279 885 1338 assumptum
909 1268 1085 1326 arbitramur.
1123 1266 1157 1323 tle
1177 1273 1225 1324 off.
1246 1275 1267 1336 2,

210 1360 214 1371 “
291 1352 407 1431 tosto.¹
431 1352 465 1419 2,
483 1352 533 1418 23,
555 1351 598 1406 80.
620 1353 713 1425 quid?
735 1364 847 1406 nostros
869 1351 1012 1408 Gracchos
1032 1383 1067 1398 -
1086 1374 1180 1411 nonae
1197 1378 1266 1428 agra·

200 1444 204 1453 “
289 1447 349 1511 riae
374 1443 564 1493 contentiones
590 1437 797 1509 perdiderunt?
832 1439 873 1491 At
901 1458 966 1492 vero
991 1439 1098 1495 Aratus
1127 1446 1266 1516 Sicyonius

9 1513 74 1590 ,M
74 1554 79 1575 ,
87 1506 176 1575 1111·ἱ
199 1554 203 1561 ·
264 1563 274 1579 ,
291 1531 350 1583 iare
369 1524 518 1601 laudatur,
537 1527 584 1594 qui
601 1552 634 1563 -
652 1521 994 1593 rempublicam'adventu
1013 1518 1064 1578 saio
1084 1527 1222 1584 liberavit.
1243 1531 1263 1578 in

9 1626 49 1657 “⁶⁰
61 1573 419 1693 Mffffll'ernb,
439 1608 490 1671 17,
515 1608 558 1661 42.
598 1606 630 1661 de'
654 1610 713 1662 Fin.
742 1610 774 1674 1,
801 1611 850 1684 10,
876 1609 920 1664 33.
947 1612 983 1662 ad
1008 1615 1063 1664 Att.
1091 1615 1125 1679 5,
1152 1615 1193 1666 11.
1217 1615 1270 1664 init.

9 1635 385 1791 mimenni...
401 1693 436 1758 e,
457 1694 505 1758 15,
522 1693 565 1747 aa.

66 1794 132 1825 Μ’
153 1759 314 1871 farum
327 1798 466 1885 ponitur
481 1798 516 1863 in
536 1797 757 1885 occupatione
773 1789 956 1877 sententiae
973 1793 1114 1877 alienae,
1137 1775 1177 1864 ut
1192 1801 1265 1864 sim·

9 1838 119 1955 ilbi&
162 1910 188 1941 a.
220 1887 302 1976 plex
328 1894 378 1948 ut.

336 2001 523 2067 methim,
543 1999 594 2068 15,
611 2002 654 2057 38.
680 2006 711 2054 at
736 2019 801 2054 vero
831 1999 879 2054 Cn.
902 1990 1030 2074 Pompeii
1059 2003 1264 2063 voluntatema

289 2109 333 2144 mc
350 2087 497 2141 alienabat
522 2092 615 2142 oratio
636 2106 710 2142 mea.
744 2088 792 2140 Aa
810 2084 861 2141 ille
881 2105 1042 2160 quemquem
1060 2089 1127 2163 plus
1146 2089 1263 2145 dilectat

288 2175 386 2242 Salpia.
403 2174 437 2224 ad
455 2176 508 2226 Cio.
528 2174 560 2237 4,
583 2173 615 2238 5,
635 2172 660 2224 7.

220 2279 265 2346 Et
285 2280 320 2342 in
343 2278 588 2363 assumptione,
620 2277 654 2342 in
679 2298 744 2363 qua
766 2269 867 2361 logici
894 2274 992 2362 atqui
1006 2283 1189 2362 usurpant,
1209 2266 1288 2339 ad?

219 2366 367 2433 iunctam
381 2361 481 2426 habet
500 2363 566 2426 vim
587 2361 834 2427 affirmationis:
854 2384 926 2426 nure
944 2359 1026 2425 aber
1041 2361 1208 2427 wirblieb.

246 2466 251 2476 .
324 2481 378 2532 Cic.
397 2499 447 2550 pro
468 2484 546 2535 Itosc.
568 2486 624 2536 Am.
643 2482 693 2547 40,
713 2483 772 2536 116.
791 2493 863 2536 recte
888 2482 974 2553 igitur
991 2484 1111 2537 maiores
1128 2502 1208 2549 carm,
1223 2486 1266 2554 qui

265 2571 393 2621 asariam
410 2562 590 2636 fefellisset,
618 2572 646 2621 in
670 2574 793 2625 virorum
818 2568 952 2622 bonorum
977 2586 1089 2621 numero
1116 2587 1172 2619 non
1191 2581 1264 2638 puta·

287 2663 354 2706 runt
381 2651 476 2708 baberi
503 2666 640 2724 oportere.
682 2657 724 2709 Aa
749 2673 814 2708 vero
848 2655 881 2708 Τ.
902 2655 1022 2708 Roscius
1047 2671 1104 2705 non
1131 2672 1216 2704 anaim
1232 2655 1266 2704 rei

286 2738 464 2810 pecuniariae
488 2741 593 2792 socium
610 2735 746 2809 fefellit,
764 2767 795 2778 -
814 2754 908 2790 verum
926 2756 1025 2791 novem
1042 2736 1168 2793 domines
1190 2736 1267 2791 boae·

286 2826 425 2876 stissimos
443 2851 476 2864 -
498 2825 627 2888 induxit,
646 2822 774 2894 decepit,
794 2821 931 2876 destituit.

301 2942 348 2989 ar
379 2942 563 2990 nurarvnno
599 2928 774 2991 coniuncta
804 2925 951 2990 videmus
975 2919 1009 2987 in
1026 2922 1096 2989 Liv.
1114 2928 1154 3006 5,
1176 2929 1217 3005 9,
1239 2930 1266 2988 2.

146 3052 149 3060 ι
216 3007 261 3073 Ir'a
283 3032 386 3095 quem
410 3014 616 3092 senteutiam
644 3034 743 3100 prum
754 3009 901 3097 pedibus
929 3012 1052 3090 iretur,
1083 3011 1191 3074 oetera'
1206 3011 1267 3085 tri-

216 3093 300 3158 buni
322 3096 470 3158 militum
495 3099 585 3162 nilrtl
606 3096 852 3161 contradicere.
876 3108 914 3159 ot
931 3097 1103 3159 enimvero
1125 3096 1267 3183 Sergius

221 3178 261 3244 V
259 3181 489 3268 irginiucque,
521 3196 665 3270 propter
687 3205 767 3268 quoa
792 3182 969 3267 poenitere
998 3181 1269 3266 magistratuum

216 3266 287 3330 eirca
307 3268 571 3353 auni‘reuotum‘
593 3268 801 3354 apparebat,
818 3269 937 3352 primo
960 3266 1143 3351 deprecari
1163 3267 1269 3354 iguo·

214 3352 379 3427 minium,
401 3353 526 3419 deinde
551 3351 761 3420 intercedere
791 3364 929 3416 certatus
952 3350 1167 3415 consulto-i.
1187 3376 1216 3416 e.
1240 3363 1269 3416 at

215 3439 348 3526 Sergius
362 3439 609 3528 Virginiusque,
633 3449 759 3504 uteret
783 3437 1041 3527 exspectarmum
1056 3437 1099 3502 -in
1121 3435 1176 3502 his
1202 3438 1268 3502 ho·

212 3523 359 3588 minibus
375 3534 436 3589 etc.

295 3609 346 3674 De
361 3627 409 3674 ar
426 3625 546 3675 Tauron
562 3608 634 3674 vide
651 3607 686 3677 in
708 3624 858 3677 raama.-

621 3682 883 3707 ἪΠΨΛΜ

295 3687 653 3798 *mmmmm
672 3710 890 3775 confunditur
912 3722 960 3772 AT
984 3726 1061 3769 oum
1083 3723 1150 3787 nc,
1175 3708 1263 3795 quod

210 3789 247 3859 in
270 3794 382 3858 multis
407 3795 464 3858 vix
489 3797 638 3881 dignosci
661 3807 776 3884 potest
800 3796 843 3860 ob
866 3795 1054 3858 litterarum
1071 3793 1260 3858 similitudi-

57 3916 67 3963 .·¹
192 3898 303 3941 ‘nemc
323 3878 387 3943 vid.
402 3879 657 3947 Drakenborch.
677 3884 717 3946 ad
732 3883 801 3948 Liv.
818 3888 856 3955 2,
874 3880 936 3958 45,
954 3880 985 3944 5.
1007 3882 1045 3955 3,
1069 3883 1134 3962 61,
1156 3884 1184 3944 1.
1209 3884 1262 3958 36,

127 4020 130 4025 .
208 3960 268 4040 35,
288 3968 318 4028 7.
341 3969 401 4040 21,
422 3967 462 4046 4,
488 3975 517 4034 1.
555 3968 719 4033 Schwarz.
750 3968 788 4032 ad
817 3966 903 4031 Plin.
930 3965 1049 4049 Paneg.
1074 3988 1107 4051 p.
1138 3972 1187 4031 11.
1210 3969 1265 4030 80.

141 4056 147 4063 ’
207 4050 282 4112 345.
301 4050 532 4164 Oudendorp.
558 4054 597 4118 ad
623 4054 759 4120 Sueton.
780 4055 859 4117 Ner.
884 4059 926 4115 1).
948 4049 1062 4113 Claud.
1087 4057 1140 4115 12.
1165 4051 1263 4116 Galb.

66 4170 74 4183 ·
136 4146 141 4153 ‘
209 4138 259 4197 10.
287 4135 327 4200 ad
349 4130 479 4224 Apulei.
503 4141 540 4205 Γ.
570 4146 600 4205 1.
625 4164 659 4229 p.
677 4144 751 4208 176.
779 4141 940 4206 Goerenz.
966 4133 1008 4200 ad
1031 4135 1098 4200 Cic.
1127 4136 1169 4203 de
1194 4136 1266 4202 Fin.
