2618 4770
1079 142 1083 172 t

502 357 506 368 «
571 321 654 409 su.
1011 298 1013 303 ⁸
1069 318 1166 411 aar

141 478 314 550 spectatione
332 476 416 532 naut.
433 477 528 532 Bacclu
544 477 578 545 2,
595 476 632 543 2,
647 475 692 532 22.
716 474 785 553 eino,
809 493 847 531 aa
865 479 999 534 invenisti
1019 478 1134 536 eaeter-

144 565 235 620 dem?
250 564 326 618 Trim
343 555 378 630 4,
395 563 430 628 2,
448 561 509 616 144.
526 555 594 629 ebe,
615 580 734 636 quaeso,
758 581 796 617 aa
813 572 845 616 ta
862 566 885 618 is
896 563 964 650 'Nesi-
1136 635 1137 643 ἵ

184 670 270 723 Plani.
287 669 352 719 uie.
369 667 402 733 2,
424 667 458 730 8,
481 663 529 720 ee
544 687 599 732 an,
624 663 744 730 amaia,
772 667 901 719 meretrix
915 664 967 720 itta
984 676 1042 731 est,
1063 687 1135 740 qaae
1222 713 1226 721 .

145 752 234 809 iilam
259 752 397 806 sustulit?
428 754 512 807 Mem.
534 750 579 816 8,
598 751 630 816 1,
654 748 698 807 41.
722 749 844 815 amabo,
867 753 905 804 ari
929 757 1044 813 maritus
1070 755 1171 808 esti*v

145 839 242 894 Pseud.
258 838 290 901 1,
313 837 347 901 1,
370 835 413 889 27.
433 857 488 902 an,
509 834 641 902 obsecro,
668 834 761 890 horale
789 833 891 890 itabant
916 854 1024 908 quoque
1046 834 1135 910 galli·
1195 846 1196 851 ’

146 944 204 980 rrae
221 922 342 977 manas?
357 923 437 976 Peon·
456 922 491 987 2,
512 921 558 977 29.
617 952 621 957 -
716 966 720 973 .
904 960 907 964 -
1024 935 1026 943 ’

160 1032 195 1092 7.·
226 1024 330 1090 Huius
347 1023 618 1109 interrogationis
641 1022 800 1121 proprius
825 1032 874 1087 est
895 1023 1009 1108 loeus,
1036 1027 1135 1094 ubia

99 1120 196 1181 ostra
213 1109 374 1176 sententia
389 1109 430 1173 ad
446 1109 606 1188 alienam,
630 1125 696 1172 aive
710 1121 745 1171 in
762 1111 1047 1202 argumentatione
1062 1136 1081 1177 a
1096 1137 1135 1179 rc

101 1219 144 1262 ro
172 1197 257 1262 osita
272 1195 314 1263 ad
328 1194 642 1281 universaquuae
657 1193 821 1257 contraria
845 1204 910 1269 est,
931 1218 1004 1260 rom
1021 1207 1135 1262 trans·
1209 1274 1211 1279 ¹

99 1221 271 1360 rodimur,
297 1290 340 1344 'ut
363 1303 426 1368 per
448 1297 522 1344 eam
546 1280 733 1368 negandam
757 1288 790 1342 et
811 1276 1021 1346 refutandam
1046 1283 1134 1349 illius

100 1371 257 1435 critatem
270 1363 526 1442 confirmemus,
555 1376 589 1430 et·
603 1364 824 1443 abiectionem
846 1365 978 1431 inanem
1007 1390 1043 1431 ac
1067 1367 1135 1433 fal-

99 1477 152 1519 am
174 1470 388 1540 occupemus.
434 1451 538 1532 Quasi
555 1446 790 1536 interponatur
804 1449 887 1513 haec
900 1451 1133 1542 interrogatio:

99 1549 175 1604 stne
191 1539 257 1602 hoc
274 1555 409 1618 venum,
440 1554 483 1601 an
498 1535 591 1600 aliter
611 1556 663 1611 res
678 1530 852 1599 sehabet?
882 1558 924 1599 an
941 1542 1065 1623 putatis
1089 1540 1133 1609 il-¹

99 1625 139 1690 ud
157 1647 230 1689 esso
243 1619 372 1711 posse?
399 1621 448 1687 Ita
463 1621 615 1686 simulate
630 1631 662 1686 et
678 1630 755 1684 cum
770 1621 877 1684 ironia
892 1623 1134 1714 interrogantes

100 1711 337 1798 emporetione
353 1707 599 1774 contrariorum
622 1706 824 1772 adversarios
844 1714 979 1771 nostres
1005 1709 1047 1773 ad
1065 1711 1136 1774 ab·
1209 1730 1211 1736 ·

99 1796 223 1860 undum
254 1795 458 1859 deducimus.
517 1792 625 1880 Saepe
648 1793 882 1885 interponitur
907 1811 1002 1871 acra,
1035 1789 1136 1882 *quod
1207 1853 1211 1869 ,.
1266 1777 1268 1783 ’

99 1904 218 1947 ensum
231 1903 303 1945 non
318 1888 443 1961 mutat,
475 1878 534 1943 sed
555 1879 624 1943 vim
643 1887 772 1942 tantum
795 1876 885 1942 addit
909 1879 944 1944 in
966 1879 1134 1946 efferendo
1218 1900 1224 1911 ·

99 1991 142 2053 ο,
165 1968 279 2061 quod,
300 1967 328 2030 si
345 1975 445 2048 esset,
464 1965 675 2029 miraremur.
989 2000 993 2008 -

189 2088 245 2144 tie.
255 2087 286 2138 ‘in
300 2087 386 2141 Pison.
403 2084 437 2150 d,
453 2085 495 2140 10.
512 2101 600 2157 neque
618 2102 684 2140 vero
704 2083 822 2138 maltam
839 2087 957 2140 interest
972 2085 1137 2154 praesemina

150 2179 183 2233 a:
199 2171 329 2239 consule,
347 2181 437 2224 atram
453 2173 513 2238 ipse
527 2173 691 2240 perniciosis
705 2166 978 2247 legitimimprabip
999 2172 1138 2226 concioni·

150 2257 205 2314 irus
219 2255 418 2329 rempublicam
432 2266 531 2319 vexet,
547 2277 584 2308 an
599 2255 675 2310 aI-‘ios
689 2275 791 2310 venare
807 2257 944 2324 patiatur.
976 2255 1023 2308 Aa
1042 2264 1139 2326 potest
1181 2297 1187 2309 .

150 2343 215 2400 adia
239 2328 299 2398 esse
323 2342 485 2403 excusatio,
500 2357 557 2392 raon
581 2339 675 2394 dicam
694 2340 768 2396 neele
787 2343 919 2395 sentienti
927 2339 1006 2400 ‚sed
1020 2338 1138 2406 sedenti,

150 2430 310 2487 mactanti,
327 2426 478 2480 dormienti
496 2428 525 2478 ia
541 2429 665 2482 niaximo
684 2431 754 2496 reip.
770 2437 848 2481 mota
867 2423 997 2478 consuli?
1013 2426 1041 2476 in
1058 2428 1137 2479 Verr.

135 2515 180 2568 x1.
206 2519 264 2567 Act.
288 2497 323 2575 9,
349 2510 392 2563 27.
418 2510 561 2579 expositis,
596 2528 662 2580 quae
685 2511 796 2565 consilia
821 2513 939 2562 aVerre
955 2511 1006 2565 iam
1026 2511 1093 2562 inita
1111 2520 1139 2563 et

155 2600 299 2653 constituta
323 2597 448 2661 fuerint,
464 2596 567 2665 pergit:
592 2614 630 2648 aa
655 2614 698 2649 me
724 2600 873 2650 tacituram
895 2598 983 2649 tantis
1003 2595 1038 2647 de
1056 2569 1138 2649 seius

125 2717 128 2723 ·
154 2682 388 2740 existimavistis?
404 2682 423 2733 i.
441 2699 466 2735 e.
488 2680 556 2734 oder
569 2678 698 2751 giaabtet
714 2679 757 2734 ihr
775 2678 826 2736 etc'.
850 2681 886 2733 cf.
903 2679 933 2740 1,
947 2679 999 2747 39,
1018 2681 1077 2736 102.
1105 2681 1138 2734 de

156 2771 208 2822 off.
223 2769 258 2837 8,
275 2768 329 2831 29,
346 2764 405 2818 105.
422 2786 487 2827 nam
503 2765 578 2839 quod
592 2768 672 2819 aiant
690 2768 805 2820 minima
822 2764 856 2817 de
874 2764 973 2830 maiis,
992 2765 1088 2831 idest,
1108 2777 1140 2819 at

156 2859 274 2926 turpiter
288 2839 385 2922 potiai
403 2871 487 2923 qaam
501 2850 683 2905 calamitose.-
709 2871 746 2904 an
763 2862 805 2903 est
822 2848 911 2908 :illurn
927 2853 1017 2904 osaias
1034 2853 1139 2906 maiam

154 2937 351 3010 turpitudine?
368 2939 445 2992 Tusc.
462 2933 494 3001 4,
511 2935 564 3001 23,
583 2934 627 2991 52.
649 2939 762 3000 nescio,¹
783 2935 881 3007 ecquid
908 2941 965 3004 ipsi
982 2953 1034 2989 nos
1053 2932 1140 3005 forti-

154 3039 198 3082 ter
220 3029 249 3079 in
266 3014 410 3094 republica
429 3017 591 3091 fecerimus.
612 3025 637 3075 si
656 3021 725 3094 quid
736 3016 877 3091 fecimus,
896 3031 966 3073 certe
992 3024 1059 3075 irati
1083 3039 1141 3074 non

149 3108 287 3182 feriatas.
315 3110 362 3164 An
375 3117 417 3162 est
436 3107 588 3180 quidquam
605 3106 726 3163 similias
744 3109 879 3168 insaniae,
898 3096 980 3177 qaam
994 3106 1057 3159 irai
1076 3107 1103 3157 h.
1117 3126 1141 3158 e.
1194 3125 1200 3131 “

155 3194 334 3258 concedisne,
362 3212 421 3260 me,
445 3193 467 3242 si
485 3192 548 3261 quid
565 3191 673 3242 fortiter
693 3191 818 3255 fecerim,
844 3191 940 3242 iratum
958 3209 1013 3242 non
1036 3193 1138 3256 fecisse,

155 3301 191 3336 an
208 3271 284 3349 putu's
303 3279 443 3347 quidquam
461 3278 571 3330 similius
597 3275 715 3326 insaniae
739 3293 795 3327 esse
819 3274 879 3328 ira?
911 3274 943 3325 de
964 3277 1023 3327 Div.
1047 3277 1077 3340 1,
1097 3274 1140 3340 14,

155 3366 201 3424 24.
219 3384 289 3437 qaae
306 3362 420 3416 tandem
438 3362 468 3415 id
485 3380 531 3414 ars
548 3379 604 3412 non
623 3359 726 3414 habet?
743 3390 778 3401 —
795 3361 841 3413 Aa
864 3348 1000 3418 medicina
1018 3378 1141 3413 arsnon

154 3446 287 3527 putanda
305 3447 539 3503 aestuantia.
561 3443 688 3512 17,165.
719 3446 765 3499 Sic
793 3463 868 3498 niens
893 3444 956 3499 hinc
981 3449 1024 3500 uir
1050 3444 1138 3511 abest,

156 3551 189 3592 ut
209 3531 410 3592 nre‘castodiat
430 3529 538 3584 absens.
574 3532 620 3584 Aa
644 3531 738 3583 nescis
756 3529 856 3602 longas
879 3529 989 3600 regibus
1007 3548 1066 3583 esse
1083 3550 1140 3583 ma·

157 3640 218 3676 nus.
237 3620 308 3689 quod
324 3635 378 3669 non
399 3627 455 3680 est,
475 3617 514 3666 nti
531 3616 668 3667 Schiteius
688 3615 821 3666 reddidit:
837 3614 955 3678 mirarer,
977 3616 1000 3666 si
1015 3617 1140 3682 nescires,
1199 3606 1206 3615 ¹
1242 3632 1246 3652 ¹

158 3702 256 3775 weifst
279 3704 317 3757 du
332 3702 413 3757 'dena
428 3700 590 3756 'nichti-
622 3701 685 3752 aed:
705 3700 816 3778 hoccine
840 3718 893 3751 non
913 3696 1161 3766 verum-'videtum'

158 3812 192 3846 atr
218 3792 303 3842 nescis
329 3809 377 3839 ·-:
404 3788 471 3842 oder
496 3782 589 3858 weisst
610 3784 648 3837 dn
675 3784 771 3838 nicht?
800 3786 854 3836 uic.
874 3789 953 3837 Tusc.
972 3782 1006 3850 4,
1023 3784 1075 3849 26,
1096 3785 1152 3855 55.

157 3889 299 3932 oratorem
320 3893 385 3954 vepo
412 3875 496 3929 irasci
522 3875 633 3926 minime
661 3869 754 3937 decet,
780 3865 910 3922 simulare
936 3886 994 3922 non
1020 3869 1141 3925 dedecet.
1233 3920 1238 3928 ,

157 3968 205 4022 Aa
223 3962 276 4019 tibi
293 3964 374 4015 irasci
393 3959 608 4019 tnnrvidemnr,
634 3952 718 4029 qaam
736 3957 803 4028 qaid
829 3958 983 4008 incaestis
1005 3959 1095 4009 acrias
1113 3966 1142 4009 et
1166 3981 1170 3992 ·

157 4049 346 4104 vehementius
364 4044 503 4101 dicimus?
527 4063 553 4112 p.
570 4043 672 4094 (tinent.
689 4041 740 4106 22,
757 4039 801 4094 60.
818 4060 855 4093 aa
872 4058 937 4094 vero
961 4039 1007 4094 ilii
1026 4058 1141 4113 suaper

160 4155 190 4193 se
207 4122 264 4208 ipsi
282 4132 389 4192 iudicia
404 4129 588 4190 rescinderent
609 4139 660 4183 etc.
694 4147 720 4199 p.
740 4127 838 4199 Milon.
853 4125 905 4192 23,
921 4123 967 4180 62.
1011 4183 1013 4186 ,
1052 4158 1054 4162 «
