2618 4770
129 289 172 354 ss
505 286 551 364 s,
595 282 671 365 aa,
714 233 806 350 aas.

143 462 150 475 .
197 438 311 497 Velleius
327 439 383 490 Pat.
396 435 429 499 2,
440 435 494 504 76,
512 437 537 487 4.
555 441 700 508 proximus
717 456 736 489 a
758 438 806 492 Cn.
823 433 958 505 Pompeio
974 437 1096 508 ipsoqsss
1115 433 1178 489 Cae·

196 541 259 577 sare
272 552 307 562 -
322 519 420 574 consul
435 532 543 573 creatus
555 540 620 575 csse.
648 522 700 573 vid.
715 511 856 573 Ruhnken.
875 521 909 570 ad
926 520 944 572 2
953 558 961 584 ,
980 519 1051 584 127..
1066 521 1091 572 1.
1111 522 1176 571 Gur-

194 609 248 663 tius
262 603 297 669 5,
314 607 348 670 2,
366 603 391 654 5.
411 615 479 674 post
492 605 544 685 bos
564 608 726 676 Antigonus
744 617 773 659 et
790 603 826 658 ab
845 623 877 661 eo
898 605 1054 677 Lyncestes
1071 606 1190 681 Amyn-¹

196 704 242 745 tas
254 688 328 762 suit.
362 692 402 740 De
429 690 515 753 verbis
541 694 685 760 prosimus
707 709 725 742 a
745 691 798 742 vid.
813 693 952 744 Burmann.
977 691 1012 744 ad
1028 691 1189 759 01111111

196 795 248 830 am.
272 771 379 836 1,139.
407 764 487 827 Trist.
507 773 539 838 1,
558 774 593 837 3,
620 772 752 830 111111
775 791 826 846 ego
850 777 1004 845 suspiciens
1030 786 1058 828 et
1073 773 1110 828 aa
1127 773 1173 826 bas

201 856 346 930 Capitolia
365 873 486 912 canens.
517 859 589 927 quod
609 859 732 911 Heinsius
755 848 883 930 explicuit
909 858 943 912 ad
963 857 1115 924 Heroidfi,
1134 856 1172 913 86.

195 944 346 1016 posthanc.
1149 948 1153 957 ’
1191 940 1198 981 Ι

1091 999 1098 1023 Ι

211 1051 245 1110 2.
273 1044 381 1130 Atque
403 1043 488 1107 ordo
511 1064 625 1110 rarum
651 1047 885 1132 potestatium
909 1069 928 1110 1
951 1045 1169 1112 retrocedente

126 1134 174 1196 ita
199 1129 380 1280 11111ὶί11111,
412 1139 451 1192 ut
475 1127 515 1193 ab
535 1140 694 1219 ¹extremo
717 1142 929 1213 numeretur,
960 1143 1082 1220 quotus
1106 1131 1168 1218 quis

37 1251 42 1267 =
127 1217 168 1282 ab
190 1239 230 1281 eo
255 1239 272 1279 a
297 1215 349 1278 sit.

231 1310 456 1391 0111111111,
481 1316 541 1368 711.
560 1315 628 1371 baec
648 1321 701 1373 srit
721 1335 741 1370 a
765 1320 867 1373 mensis
882 1317 946 1388 fine
967 1317 1091 1374 somniis
1109 1316 1191 1373 dies·

194 1404 221 1466 2,
240 1402 301 1454 686.
327 1404 415 1454 traxit
431 1398 477 1454 ab·
491 1400 544 1456 itta
556 1414 651 1456 sextas
673 1400 710 1454 ab
727 1411 850 1474 schemo
867 1407 990 1457 nomina·
1001 1422 1094 1459 mense
1105 1400 1171 1459 diss.

195 1489 295 1552 Quibus
317 1487 438 1538 Barthius
462 1489 491 1539 in
507 1491 646 1542 Adversar.
668 1486 720 1552 95,
739 1484 764 1537 5.
789 1507 938 1557 perversam
955 1489 1115 1542 sententiam
1126 1484 1171 1541 siti

195 1574 374 1626 conformasse
391 1573 504 1638 videtur,
521 1593 540 1626 a
557 1574 796 1640 significatoriae.

208 1675 268 1741 IV.
312 1675 417 1738 Sicuti
452 1675 656 1762 praepositio
694 1693 757 1756 aa,
802 1673 836 1738 id
871 1675 963 1761 quod
995 1685 1090 1740 11111
1118 1674 1179 1741 de·

125 1762 406 1836 monstravimus,
438 1761 683 1846 comparationi
704 1782 818 1824 rerum
843 1759 1049 1824 diversarum
1066 1760 1178 1825 inser-

37 1909 40 1915 .
124 1848 190 1923 vit,
212 1849 258 1925 ita
275 1845 430 1910 nonnulli
446 1847 646 1930 scriptores,
674 1845 867 1931 praesertim
886 1844 1078 1910 recentioris
1091 1847 1179 1925 aevi,

71 1924 76 1937 ¹
125 1957 200 1999 eam
225 1930 602 2016 addideruntablativis,
622 1931 678 2021 qui
697 1932 774 1994 eum
791 1932 1022 2018 comparativis
1035 1930 1181 2001 coniun-

84 2059 87 2063 ·
149 2030 259 2082 untur.
281 2015 461 2086 Distantiae
476 2017 566 2079 enim
578 2016 742 2081 vocabulo
761 2017 867 2104 ipsam
879 2016 1107 2104 gradationem
1123 2017 1181 2081 in-

124 2044 235 2174 bcare
250 2100 438 2179 voluerunt,
461 2102 587 2188 antiqui
602 2123 681 2166 usus
701 2102 913 2189 simplicitate
927 2124 997 2166 non
1017 2102 1181 2166 contenti.

176 2262 180 2272 .
227 2222 295 2276 Plin.
311 2222 383 2272 trist.
402 2230 457 2277 nat.
481 2220 528 2284 18,
563 2221 614 2286 13,
631 2220 674 2275 84.
693 2240 859 2295 qaansquam
881 2218 960 2294 prius
984 2221 1090 2276 dixisse
1114 2241 1179 2275 con·

193 2309 290 2360 veniat
310 2306 449 2375 atrapis,
466 2311 545 2362 -si
562 2311 650 2361 iustus
672 2308 742 2361 ordo
759 2308 828 2378 fiat,
851 2327 869 2359 a
882 2303 1030 2380 frumento
1045 2311 1182 2376 protinas

138 2410 140 2414 ⁴
194 2402 246 2448 aut
274 2400 347 2444 certe
370 2385 450 2460 falsa
481 2390 629 2446 dicendis.-
665 2391 776 2464 quando
815 2391 867 2446 alii
890 2395 1081 2464 praestantior
1111 2409 1189 2446 usas.

193 2477 229 2531 ab
254 2479 290 2530 iis
304 2493 360 2527 non
375 2487 424 2527 est.
460 2480 499 2527 Ita
515 2478 645 2529 editiones
664 2478 789 2529 exhibent
801 2479 924 2547 antiquae
938 2477 1026 2539 verba,
1041 2495 1058 2527 a
1076 2476 1179 2528 criticis

193 2573 292 2617 temere
315 2561 441 2616 distracta
465 2573 492 2613 et
511 2563 653 2612 immutata.
688 2564 758 2614 Cael.
782 2563 870 2616 Aurel.
895 2562 927 2612 de
954 2571 1021 2612 aaut.
1045 2563 1133 2634 morb.
1151 2563 1176 2631 1,

192 2648 219 2709 9,
241 2644 283 2701 64.
300 2650 390 2700 nsaior
413 2652 487 2701 enim
507 2646 544 2699 ab
571 2647 752 2715 intemporali
774 2665 871 2699 somno
896 2638 1060 2717 vigiliarum
1076 2659 1176 2703 estve-

193 2724 483 2795 aart0.1,1'5‚134.
510 2731 577 2803 quid
593 2730 769 2803 gravabilius
785 2731 821 2785 ab
840 2730 900 2798 iris,
930 2717 1176 2803 quaejadtiiqada

194 2816 352 2887 confirmas·
389 2818 461 2878 Quae
490 2817 512 2866 si
539 2817 747 2886 comparaveris,
781 2835 836 2869 non
861 2817 1000 2887 dubitabis
1016 2817 1097 2868 etiarn
1125 2819 1177 2870 huc

192 2905 294 2956 referre
320 2903 354 2965 8,
380 2901 410 2963 1,
434 2901 460 2953 2.
486 2913 514 2954 st
537 2913 582 2956 est
605 2906 830 2973 comparatione*
852 2906 968 2974 gravior
992 2901 1175 2972 phreneticis,

192 2974 250 3041 nan
267 2983 352 3040 aiiter
373 3002 456 3055 quam
481 2996 597 3056 negatas
617 2991 733 3041 iocoso
761 2992 839 3042 visas
865 2987 901 3040 ab
930 3007 964 3042 ex
987 2999 1069 3058 parte
1089 2983 1176 3059 impe·

168 3064 172 3091 ³
194 3071 267 3125 dito.
292 3089 353 3137 nam
371 3089 460 3122 sensus
475 3073 614 3124 verborum
656 3082 699 3123 'stt
729 3090 783 3124 non
801 3075 881 3126 aliter
896 3092 973 3142 quam
992 3075 1020 3124 in
1041 3083 1101 3124 toto
1123 3093 1175 3125 ne·

193 3168 268 3225 gatus
284 3156 355 3208 visus
374 3158 479 3223 gravior
495 3169 534 3210 est
550 3178 582 3211 ex
597 3088 672 3228 parde
690 3160 866 3227 impedito.'2‚
881 3158 907 3223 9,
922 3158 964 3210 30.
978 3154 1068 3209 Aurel.
1085 3159 1174 3212 (11111-

192 3243 245 3294 nic.
265 3239 347 3306 1,,4,
368 3239 569 3295 139.“·1)111111
593 3241 627 3299 ir
644 3247 752 3296 Terent.
771 3247 867 3313 Hecyr.
889 3245 962 3295 Prol.¹
975 3242 1001 3295 8.
1019 3241 1175 3296 baec'com·

190 3330 305 3399 paratio
330 3329 418 3379 nrinus
437 3347 456 3378 a
478 3323 602 3396 positivo
623 3340 723 3391 sonat,
750 3339 778 3382 et
795 3330 852 3381 ains
870 3327 1064 3382 diminutivum
1081 3333 1176 3398 expri-

191 3415 252 3466 mit.
286 3413 321 3465 Et
339 3411 376 3462 ita
392 3415 530 3476 Irenaeua,
559 3433 604 3466 seu
623 3415 667 3482 qni
684 3416 765 3466 vertit
782 3416 853 3465 illius
868 3415 950 3471 libros
965 3424 1058 3465 contra
1074 3415 1175 3466 haere-

194 3516 253 3559 ses,
283 3496 389 3564 Capella
414 3498 520 3565 aliique.
554 3500 690 3551 Nonnulla
711 3499 792 3556 ,adest
814 3499 985 3550 ecodicibus
1009 3500 1176 3552 restituenda

190 3582 333 3643 Salmasius
355 3581 389 3632 ad
408 3583 518 3650 Vopisci
540 3584 627 3637 Cario.
646 3583 687 3635 19.
711 3603 737 3651 p.
758 3583 818 3635 886.
842 3584 905 3636 edit.
926 3585 1008 3636 Hack.
1029 3585 1060 3641 in
1080 3586 1176 3652 quibus

191 3677 280 3719 tamen
301 3665 379 3723 dubia
396 3677 436 3718 est
460 3669 590 3736 scriptura
612 3669 681 3737 apud
700 3671 811 3722 Varron.
831 3669 864 3721 do
877 3672 917 3722 Re
934 3673 1008 3722 Rust.
1030 3668 1062 3733 1,
1080 3670 1108 3732 2,
1130 3670 1176 3726 16.

193 3757 322 3824 quocirca
343 3761 371 3806 et
390 3752 507 3804 succinit
526 3752 693 3821 pastorali,
729 3752 805 3824 qaod
832 3764 874 3807 cst
890 3749 1019 3823 inferior,
1045 3765 1076 3806 ut
1101 3752 1176 3808 tibia

191 3839 308 3890 sinistra
342 3856 360 3888 a
386 3833 503 3889 dextrae
522 3834 727 3906 foranainibaa
760 3839 890 3892 Videntur
909 3839 978 3889 enim
1002 3839 1067 3889 haec
1091 3840 1175 3890 verba

194 3930 310 3972 extrema
330 3942 347 3973 a
370 3918 485 3973 dextrae
505 3917 699 3990 foraminibus
727 3927 759 3977 ab
782 3924 868 3976 aliena
891 3938 968 3974 manu
986 3923 1088 3974 adiecta
1106 3940 1175 3974 esse.

191 4005 270 4075 Quod
295 4016 382 4069 autern
406 4007 459 4062 huc
482 4009 601 4059 referunt
619 4010 674 4066 Cic.
699 4009 734 4060 de
751 4013 823 4062 Orat.
850 4005 959 4068 8,,70,
978 4005 1040 4060 885.
1067 4005 1104 4059 ab
1120 4005 1174 4062 boc

192 4104 259 4143 vero
292 4091 392 4146 Orassc
426 4089 499 4167 nibil
526 4087 662 4163 facetius.
694 4110 801 4162 prorsus
836 4093 961 4147 abhorret
990 4112 1005 4145 1
1037 4093 1173 4147 Ciceronis
