2618 4770
170 297 232 362 ass
424 252 685 393 1111111111,
707 274 950 351 somnove.

155 498 158 503 .
234 448 317 519 quasi
330 442 461 498 adversas
476 460 526 498 eos
539 408 703 515 acquieverit
718 441 893 511 smteattae„
917 441 950 490 In
968 437 1011 491 his
1032 435 1175 495 adeam
1188 437 1226 491 si·

235 531 343 600 gnificat
359 547 416 581 rem
436 529 470 578 sd
483 527 597 596 aliquam
612 543 752 595 personam
773 524 886 577 referri:
906 527 936 578 in
954 520 1135 597 Baragauf.

240 638 282 697 0.
302 627 675 704 Η1111111111111111111,
685 627 971 715 eanaleianus
984 625 1221 714 adversosp'ro

166 717 350 785 scoriadam
367 719 465 780 etiam
486 714 521 778 in
543 712 717 793 formulis,
746 734 830 861 131111
854 713 1063 777 contrarium
1086 734 1221 793 sensnm

167 805 394 879 admitterent,
416 821 491 863 usur
523 822 593 879 are,
617 809 715 885 atque
733 822 750 861 a
776 820 816 861 eo
832 796 996 862 vocabulo
1013 808 1140 863 contra
1157 820 1219 885 op-

79 918 85 925 ·
165 910 293 976 ponere
310 886 447 950 solebat.
489 822 701 970 fragosos,
724 890 754 947 1.
779 880 943 947 bonoram
1010 884 1216 949 111111οά11-

166 987 224 1037 tar
240 986 300 1038 aot
317 983 437 1034 contra
457 968 593 1034 tabidos
610 968 826 1046 testamenti,
849 981 911 1032 ortt
927 906 1092 1047 edidmus
1116 967 1216 1033 toba-

128 1119 131 1127 ,
166 1060 239 1137 las.
268 1069 330 1120 1111
348 1056 516 1121 intestati.
551 1055 643 1142 quod
669 1054 757 1119 infra
783 1075 915 1143 paragr.
937 1057 970 1118 5.
997 1054 1143 1141 explicat
1162 1077 1216 1119 se-

165 1143 314 1207 condom
329 1140 476 1206 tabidas.
499 1145 558 1221 20,
583 1141 634 1204 14.
653 1139 784 1224 Ι1111111111
800 1150 914 1203 certae
931 1140 1084 1206 civitatis
1096 1141 1214 1219 sciens,

78 1297 81 1302 .
164 1240 203 1292 nt
220 1226 383 1292 adversas
403 1227 499 1314 leges.
513 1226 665 1290 civitatis
680 1247 764 1289 suae
787 1226 938 1289 testetur.
970 1225 1038 1291 vid.
1056 1225 1169 1293 Cetea
1181 1236 1215 1292 et

166 1313 400 1400 Schulting..in
415 1312 635 1401 lurispr.·ret.
659 1312 811 1375 anteiust.
827 1333 862 1399 p.
882 1314 957 1376 631.
973 1314 1049 1376 671.

250 1439 300 1499 10.
331 1434 537 1513 ADVERSVS,
567 1430 625 1496 ubi
640 1428 896 1531 praepositionis
915 1427 1030 1517 officio
1046 1426 1212 1518 fungitur,

162 1530 241 1609 post
256 1540 352 1583 suum
369 1516 656 1606 vocabulumponr
666 1529 785 1603 possc,‘
795 1514 982 1579 communis
994 1516 1213 1605 citplun'ma-

162 1594 241 1671 1d1m
256 1602 544 1691 praepositionum
563 1603 722 1667 conditio.
748 1600 821 1676 vide
835 1598 1022 1665 Ruhnken.
1041 1602 1082 1665 ad
1097 1599 1211 1667 Vellei.

162 1693 233 1755 Pat.
251 1698 289 1771 2,
314 1695 393 1770 101,
419 1695 450 1762 2.
494 1687 533 1752 Id
557 1698 668 1751 autem
692 1687 908 1773 potissimum
928 1684 1001 1751 fieri
1023 1687 1058 1750 in
1080 1694 1212 1774 p‘rono-

161 1779 271 1858 mine,
291 1787 380 1839 certe
396 1774 484 1860 apud
501 1772 713 1854 Cornelium,
734 1772 886 1836 Bromius
906 1771 1037 1837 notavit
1059 1774 1102 1838 ad
1126 1772 1214 1838 Cor·

160 1863 227 1928 nel.
246 1864 330 1926 Con.
346 1867 385 1940 2,
409 1865 441 1923 2.

276 1977 552 2044 0111111.0111.2,2.
572 1977 643 2036 dano
663 1969 795 2032 adversas
821 1975 1018 2033 Pharnabazus
1039 1973 1155 2031 dabitur
1169 1988 1207 2033 est

225 2059 391 2135 'insperaton
423 2064 540 2116 Timoth.
560 2062 593 2133 4,
618 2066 645 2121 3.
672 2066 777 2118 Sallust
797 2068 855 2134 Ing.
875 2063 941 2128 101,
968 2062 995 2114 8.
1021 2076 1092 2135 qnos
1114 2062 1208 2118 adcor·

228 2169 289 2203 sam
305 2153 385 2203 ierat.

246 2258 296 2321 11.
319 2250 351 2316 T
352 2273 480 2317 meseos
494 2251 646 2340 exempla
658 2264 786 2319 exstare
795 2250 1006 2341 dicuntapud
1019 2247 1209 2315 Sallustium

160 2339 228 2404 dno
250 2338 320 2425 lug.
352 2339 411 2412 58,
437 2339 468 2400 4.
496 2337 761 2422 animadvertit,
789 2336 923 2428 fugam
947 2336 997 2403 ad
1019 2359 1055 2400 se
1079 2334 1210 2400 vorsum

56 2505 58 2510 Ι
115 2460 141 2501 ῃ
154 2421 249 2513 fieri.
270 2435 304 2488 et
320 2445 348 2486 c.
367 2427 420 2486 69.
442 2419 624 2509 Vagenses
639 2423 697 2488 oti
711 2426 866 2489 animam
882 2423 1085 2502 advortere,
1108 2420 1160 2485 ad
1175 2440 1210 2484 se

34 2564 40 2577 .
160 2533 293 2574 eorsum
307 2509 665 2596 exercitompergere:
688 2511 784 2574 sicuti
795 2510 857 2575 alia
872 2510 962 2598 apud
978 2518 1106 2573 auctor.
1128 2504 1213 2572 Belli·

55 2605 57 2609 ’
157 2597 254 2676 Hisp.
275 2600 326 2658 10.
345 2605 378 2658 ct
396 2600 446 2658 11.
465 2594 514 2657 od
529 2593 725 2661 Cordubam
743 2619 864 2661 versas.
910 2594 976 2659 Sed
998 2592 1145 2657 adverbii
1163 2592 1210 2656 si·

157 2681 406 2766 gni-ficationem
425 2703 537 2744 versu-s
552 2704 613 2765 per
640 2705 674 2745 sc
691 2693 841 2746 constare
884 2681 982 2745 robat
1004 2678 1208 2765 exemplum,

159 2767 250 2853 quod
273 2777 469 2852 comparant
484 2767 578 2830 Catil.
604 2768 665 2848 56,
687 2768 718 2831 4.
742 2766 791 2835 od
813 2703 930 2830 erdem
952 2763 1074 2846 modo,
1107 2761 1209 2828 modo

57 2854 62 2863 '
157 2855 197 2917 in
214 2853 372 2916 Galliam
387 2856 498 2915 sersus
515 2864 634 2916 castra
649 2875 795 2917 movere.
819 2852 869 2917 lta
883 2851 1046 2918 adversas
1059 2873 1094 2913 se
1114 2847 1210 2915 etad

157 2962 194 3002 se
217 2960 330 3002 versos
354 2937 568 3025 loquutioncs
598 2948 677 3001 sunt
700 2937 790 3003 haud
811 2936 912 3028 plane
937 2937 1085 3002 eiusdem
1107 2944 1209 3025 poto·

75 3062 85 3068 a
126 3068 128 3073 ,
157 3025 262 3092 statis.

143 3146 157 3189 ’·
243 3150 294 3209 12.
316 3162 499 3210 ADVERSVS
519 3161 617 3219 QVOD
634 3152 676 3216 et,
693 3154 731 3207 ut
747 3144 816 3208 aliis
832 3143 942 3211 visum
957 3153 1016 3222 est,
1026 3141 1127 3208 ctiam
1140 3159 1208 3209 tn·

156 3249 293 3297 vssnsvs
305 3247 401 3305 Qvnn
414 3251 544 3292 sensnm
553 3228 675 3292 habent
683 3231 863 3294 verborum
872 3231 975 3294 aliter
984 3242 1103 3318 atque,
1125 3251 1208 3294 coa·

155 3330 216 3382 tra
227 3327 348 3402 atqae,
371 3314 466 3385 sicuti
482 3315 601 3377 dicitur
619 3327 740 3381 contro
754 3339 868 3404 qrsom.

256 3435 313 3485 Liv.
338 3432 389 3497 32,
417 3435 450 3499 2,
475 3431 500 3485 5.
531 3433 688 3489 Gaditanis
715 3437 783 3490 item
815 3435 996 3508 petentibus,
1021 3455 1056 3489 ne
1089 3431 1207 3508 praefe-

224 3531 286 3573 ctus
311 3517 407 3572 Gades
429 3523 599 3596 mitteretur,
632 3521 764 3576 adversas
785 3521 861 3595 qaod
880 3524 915 3575 iis
941 3516 1086 3592 infidam
1103 3518 1220 3595 populi*

225 3606 351 3664 Romani
365 3602 536 3658 venientibus
553 3624 612 3658 com
627 3606 665 3659 L.
681 3608 783 3660 Mario
803 3609 929 3677 Septimo
947 3610 1128 3661 convenisset.

267 3706 433 3777 Plaut.Trin.
453 3708 485 3773 1,
502 3709 535 3770 2,
556 3707 615 3760 139.
633 3721 724 3762 utram
740 3710 862 3764 indicare
879 3729 922 3762 me
939 3713 965 3763 ei
983 3708 1144 3763 thesauram
1158 3729 1205 3764 aa·

223 3813 306 3864 quom
315 3780 401 3864 fait,
426 3794 574 3851 advorsum
590 3813 673 3866 qaam
688 3798 747 3850 eius
765 3815 809 3849 me
829 3792 1130 3865 obsecraoissetpater.
1165 3799 1206 3847 Ita

221 3879 335 3932 codices.
370 3881 422 3930 Sed
435 3880 563 3931 editiones
579 3890 681 3932 veteres
696 3881 844 3935 advorsum
862 3878 938 3953 qaod
947 3899 956 3931 .·
973 3881 1052 3949 idque
1064 3883 1204 3948 -probavc-

222 3973 286 4027 rant
307 3964 439 4020 Acidaliae
468 3975 495 4021 et
523 3967 696 4020 Hermannus.
715 3977 727 3987 ··
744 3965 823 4020 Gonf.
849 3965 967 4018 Gronov.
998 3962 1032 4016 ad
1064 3965 1121 4018 Lis.
1159 3965 1204 4030 30,

204 4043 317 4112 ‘tat
918 4054 922 4065 ·
1051 4034 1087 4047 ''
