2618 4770
551 320 718 417 Arnen,
811 296 812 300 ‘
1089 325 1153 393 en

135 502 141 507 ·
206 480 313 532 Sueten.
331 483 411 551 resp.
428 480 473 550 22.
498 487 527 535 et
549 494 635 560 snpra
652 495 767 533 coenam
787 485 891 534 ortem.
927 478 982 532 oie.
998 478 1036 532 de
1053 479 1105 532 off.
1126 483 1152 547 1,
1224 498 1242 509 ·’

171 561 223 633 rt,
242 564 463 633 82.1,21,78.

156 677 160 683 '
205 653 260 721 c'ic.
279 669 312 721 de
328 672 390 723 Nat.
407 669 434 721 d.
449 669 483 734 2,
499 664 550 731 25,
566 663 600 718 65
618 669 729 722 rinctus
746 675 791 722 est.
808 674 902 718 antem
919 684 938 718 α
958 667 1033 720 lone·
1052 666 1087 718 de
1099 666 1151 718 off.

171 751 205 815 1,
231 751 282 816 36,
308 752 368 808 131.
394 752 545 807 cavendum
571 763 615 807 ost
637 761 738 808 autem.
769 760 800 804 ut
820 750 897 803 multi
915 750 1020 804 codices
1044 751 1152 821 hebent.

169 837 284 906 itemque
303 837 336 906 1,
355 829 405 904 89,
420 835 492 890 140.v
867 854 870 859 ’
1102 848 1104 850 ’

204 942 259 992 Cic.
282 941 314 994 de
332 941 455 1008 Legit,
473 939 506 1004 7,
532 938 576 991 16.
605 937 690 1006 utiles
712 956 772 994 esre
795 920 891 994 autent
917 936 1064 1008 opiniones
1078 933 1151 1000 bar.
1209 1008 1210 1011 Ἰ

143 1027 251 1080 «nond.
270 1026 304 1090 1,
325 1026 377 1093 12,
394 1024 439 1078 48.
457 1043 552 1078 verum
571 1040 630 1076 erse
650 1034 744 1078 autem
764 1024 891 1078 arbitror.
926 1023 960 1075 de
984 1023 1036 1078 off.
1054 1021 1087 1087 1,
1102 1019 1151 1085 88,

171 1109 316 1165 &rectum
336 1120 379 1164 est
401 1120 502 1163 antem.
536 1107 601 1159 Plin.
629 1107 1170 1177 Panegr36,5.=1iberumostantom.‘
1242 1104 1245 1110 '

173 1196 227 1250 flio.
245 1197 277 1246 de
295 1195 347 1244 off.
371 1192 404 1257 1,
426 1191 480 1254 84,
504 1190 546 1244 18.
572 1190 643 1246 nibil
661 1204 712 1248 'est
731 1204 840 1260 antem,
867 1193 942 1266 qnod
958 1203 1016 1245 tam
1041 1190 1152 1245 doceat.
1269 1176 1274 1187 ’

172 1297 200 1348 p.
216 1279 304 1330 Planc.
318 1275 363 1342 28,
385 1275 429 1330 57.
450 1277 597 1345 SenenEp.
615 1275 665 1338 82,
685 1276 728 1330 17.
746 1295 803 1331 non
818 1286 859 1330 est
877 1288 970 1330 antem
987 1275 1152 1348 gloriosum.

174 1364 229 1414 Cio.
244 1364 321 1414 Tusc.
341 1362 374 1426 1,
394 1359 430 1412 46
438 1399 445 1425 ,
464 1362 522 1413 110.
540 1368 732 1432 non'postum
754 1352 847 1415 antem
871 1358 980 1415 dione.-
1006 1361 1051 1414 ubi
1068 1365 1150 1414 Bent-

171 1447 239 1498 leius
257 1457 356 1499 temere
373 1446 488 1498 coniecit
507 1457 608 1501 tamen.

216 1551 271 1602 Cic.
289 1549 421 1615 110381,-
438 1548 472 1614 6,
488 1551 532 1602 22.
552 1568 676 1622 quaeque
695 1551 760 1621 ipra
776 1567 827 1622 por
844 1566 904 1604 sere
920 1545 1086 1619 expetenda,
1103 1557 1153 1600 ant

172 1635 282 1699 omnia,
299 1647 350 1688 aut
367 1637 508 1689 maxima.-
533 1656 567 1689 αα
584 1646 650 1687 sunt
667 1647 760 1691 autern
779 1637 920 1696 maxima,
945 1652 1015 1704 quae
1039 1632 1151 1701 inipso
1227 1695 1230 1698 Ι

171 1722 265 1773 animo
290 1748 326 1760 --
349 1730 502 1775 verruntur.
536 1722 608 1790 quod
627 1732 668 1773 est
682 1741 732 1791 pro
761 1732 826 1776 runt
848 1731 940 1774 antem
962 1737 995 1772 ea
1019 1717 1151 1769 maxima.
1244 1740 1246 1745 ·

171 1803 206 1854 de
227 1804 285 1854 rin.
305 1803 339 1868 2,
354 1802 388 1869 7,
406 1802 450 1857 21.
468 1803 499 1858 id
520 1816 562 1858 ost
578 1817 675 1861 *antem
693 1807 806 1862 maioni.
834 1807 873 1857 ita
895 1823 949 1856 non
968 1804 1034 1854 mole
1059 1817 1151 1873 emenj

173 1886 247 1938 davit
262 1889 431 1940 Goerenzius.
465 1891 583 1960 Vtroque
606 1893 666 1945 Ioco
686 1893 816 1953 sententia
842 1889 1020 1960 interponitur
1038 1904 1086 1956 per
1104 1903 1152 1954 pa·

172 1972 317 2037 rannone,
338 1960 409 2042 qnod
426 1975 531 2043 quidem
549 1977 657 2046 nqueo
672 1977 935 2031 momentumeffert.
951 1972 1098 2050 ,oaeneon
1109 1971 1153 2034 10,
1181 2024 1185 2029 ,

173 2057 207 2119 1,
230 2054 288 2109 115.
306 2057 370 2111 olim
385 2059 535 2126 legebatur?
565 2059 692 2116 imitator
708 2074 750 2118 est
773 2074 866 2117 antem
890 2063 1057 2117 Atticorum·
1080 2054 1153 2124 q¹²⁰d
1216 2059 1220 2068 ¹

173 2158 228 2193 non
245 2143 367 2211 displicet
384 2146 560 2197 Frotschero:
578 2157 606 2198 at
624 2149 719 2199 falsum
737 2157 793 2212 est,
810 2164 887 2216 quum
905 2161 993 2196 sensns
1013 2140 1154 2192 verbornm

174 2227 224 2275 sit:
242 2237 283 2276 est
302 2245 332 2278 re
349 2245 412 2279 vern
427 2230 554 2286 imitator.
572 2256 574 2258 ·
591 2233 701 2285 Codices
718 2243 791 2286 recte
808 2224 948 2307 exhibent:
963 2228 1088 2299 imitator
1104 2242 1154 2274 an·

120 2378 125 2389 Ι
174 2319 230 2363 tem
253 2320 296 2364 est
315 2310 352 2365 A.
395 2314 450 2370 Gir.
475 2316 547 2368 Lnel.
570 2314 621 2381 21,
642 2316 685 2368 79.
706 2315 791 2388 'digni
814 2326 907 2380 antem
932 2321 996 2367 sunt
1019 2308 1155 2373 amicitia,

176 2392 274 2466 quibus
295 2397 324 2448 in
350 2397 421 2465 ipsis
445 2402 518 2454 inest
535 2421 647 2466 caussa,
672 2422 718 2455 cnr
735 2401 901 2473 diligantur.
936 2394 1107 2449 Gernhardus
1124 2393 1154 2444 in
1229 2430 1232 2434 ι

176 2479 296 2530 Addend.
317 2498 345 2548 p·
360 2481 420 2534 278.
439 2503 498 2537 cnm
516 2487 607 2538 Beiero
631 2497 777 2555 suspectum
792 2489 873 2543 habet
896 2483 1003 2537 verbum
1029 2479 1158 2553 substerni

174 2563 274 2626 tivum,
297 2565 359 2632 quie
378 2568 464 2641 acrior
488 2571 527 2623 vis
546 2573 668 2623 adiectivi
694 2574 813 2640 copulam
837 2579 952 2638 respuat.
971 2552 974 2571 ι
995 2567 1076 2616 Immo
1095 2580 1152 2615 eam
1184 2580 1195 2605 ι·

176 2646 289 2714 requirit
317 2649 346 2700 in
373 2651 526 2707 definitione
546 2657 718 2721 adiectirurn‚
734 2658 815 2725 ¹quod
834 2673 911 2724 quum
930 2670 978 2720 per
995 2669 1023 2700 se
1041 2657 1154 2714 constet,

176 2747 211 2782 ne
229 2733 401 2801 transpositio
426 2738 531 2805 quidem
553 2742 693 2793 verborum
712 2739 793 2811 digni
816 2751 909 2795 autem
934 2737 1059 2791 amititia
1078 2743 1153 2799 sunt,
1248 2794 1251 2803 ,

177 2834 255 2885 quam
273 2818 379 2870 Beierus
392 2823 475 2889 fecit,
494 2826 670 2893 praeferenda
688 2835 738 2879 est.
902 2864 905 2868 ι
990 2838 993 2845 “
1123 2852 1149 2864 ·⁴

223 2919 277 2970 Cic.
302 2923 374 2972 Brut.¹
399 2922 453 2990 79,
472 2927 532 2979 275.
561 2949 615 3002 qun
633 2930 667 2984 de
692 2950 721 2985 re
744 2929 837 3000 agitur
854 2938 949 2981 antem
970 2923 1058 2989 illud,
1079 2939 1133 2996 quo

178 3003 277 3058 ”mliii
295 3004 365 3058 100ὶέ
390 3010 419 3061 1'12
439 3013 695 3067 iurisconsultorum
720 3013 873 3068 invinditur
885 3009 1040 3083 formulis,
1059 3008 1089 3065 id
1107 3003 1157 3059 ubi

176 3100 267 3154 erret,
284 3089 424 3145 ridebat.
457 3097 498 3146 Ita
517 3109 589 3151 recte
605 3100 845 3169 interpunctionem
861 3098 1053 3159 constituerunt
1075 3091 1156 3146 Orel-

178 3175 230 3225 lius
249 3183 277 3225 et
294 3176 449 3232 Ellendtius.
484 3185 588 3246 Verba,
617 3204 683 3254 quoe
709 3185 855 3255 particulae
880 3183 1052 3248 antecedunt,
1078 3194 1157 3229 unam

177 3260 306 3310 formulae
323 3261 459 3314 notionem
481 3270 625 3321 continent.
661 3271 750 3323 Celsus
769 3268 803 3332 7,
824 3269 867 3321 27.
894 3287 949 3321 non
974 3271 1029 3320 nisi
1054 3279 1157 3334 aquam

177 3355 271 3399 autent
295 3341 442 3400 bibendam
467 3368 527 3404 esso
546 3349 725 3420 manifestius
744 3364 801 3418 ost,
829 3374 911 3427 quam
930 3365 960 3405 ut
978 3346 1094 3403 subinde
1113 3347 1157 3399 rii·

179 3429 292 3482 rendum
312 3432 358 3485 sit.
387 3433 544 3487 Adverbium
563 3439 706 3491 arctissime
724 3458 782 3492 cnm
804 3443 910 3492 nomine
936 3433 1072 3490 coniunxit
1100 3433 1156 3485 cic.

180 3518 253 3569 Orat.
271 3514 321 3579 28,
340 3514 384 3567 98.
404 3516 503 3571 molius
521 3520 572 3575 ille
592 3532 698 3591 ortem,
720 3542 799 3596 quem
816 3524 999 3578 modiounret
1019 3529 1156 3589 tempera·
1244 3567 1252 3585 .

181 3608 240 3652 tum
256 3618 343 3665 voro,
362 3604 388 3656 si
405 3612 455 3667 eto.

109 3703 148 3767 In
163 3701 420 3790 interrogatione
440 3707 532 3794 ipsae
554 3704 733 3794 particulae
756 3708 980 3799 interrogandi
995 3705 1158 3796 proemit-

109 3799 227 3884 tuntnr
249 3790 340 3886 quasi
365 3791 400 3853 in
421 3795 589 3865 annorusi.
620 3807 658 3859 ut
685 3798 899 3875 vocobuium,
934 3794 1025 3881 quod
1056 3792 1158 3873 adest,

109 3895 239 3962 grovrus
254 3894 332 3937 orsrs
349 3875 416 3938 iotu
430 3890 562 3944 notatae
577 3880 689 3946 locum
704 3884 862 3948 obtinent.¹
896 3883 960 3946 Sed
975 3902 1045 3944 non
1067 3899 1157 3942 sem·
1233 3895 1236 3901 ·

109 3980 173 4047 per
189 3958 405 4023 voonlotionis
423 3972 470 4025 est
491 3967 594 4031 ratio:
620 3969 719 4032 etiam
740 3986 852 4034 sensus
877 3967 1056 4034 verborum
1078 3983 1157 4026 mu·
1205 3986 1208 3993 *

110 4054 211 4108 tetur.
258 4043 353 4124 Quid
375 4057 425 4110 est
448 4060 580 4131 antem,
601 4075 675 4118 was
701 4054 748 4118 iot
773 4053 873 4131 aber,
902 4058 979 4117 non·
995 4049 1158 4115 maiorem

110 4129 182 4196 vim
195 4129 295 4198 hebet
311 4151 412 4218 quom
424 4132 508 4221 qnid
526 4148 642 4204 entem
656 4151 724 4221 est,
742 4163 816 4208 war
840 4139 921 4206 aber
939 4140 1006 4221 ist,
1025 4134 1083 4201 sed
1107 4131 1158 4197 di-

866 4243 951 4308 871ι
