<?xml version="1.0" encoding="UTF-8"?>
<!DOCTYPE html PUBLIC "-//W3C//DTD XHTML 1.0 Transitional//EN"
    "http://www.w3.org/TR/xhtml1/DTD/xhtml1-transitional.dtd">
<html xmlns="http://www.w3.org/1999/xhtml" xml:lang="en" lang="en">
 <head>
  <title>
</title>
<meta http-equiv="Content-Type" content="text/html;charset=utf-8" />
  <meta name='ocr-system' content='tesseract 3.04.00' />
  <meta name='ocr-capabilities' content='ocr_page ocr_carea ocr_par ocr_line ocrx_word'/>
</head>
<body>
  <div class='ocr_page' id='page_1' title='image "./tursellinusseud03handgoog_0567.png"; bbox 0 0 2618 4770; ppageno 0'>
   <div class='ocr_carea' id='block_1_1' title="bbox 210 288 787 372">
    <p class='ocr_par' dir='ltr' id='par_1_1' title="bbox 210 288 787 372">
     <span class='ocr_line' id='line_1_1' title="bbox 210 288 787 372; baseline -0.007 0"><span class='ocrx_word' id='word_1_1' title='bbox 210 303 276 372; x_wconf 79' lang='lat' dir='ltr'><strong><em>eor</em></strong></span> <span class='ocrx_word' id='word_1_2' title='bbox 686 288 787 358; x_wconf 77' lang='lat' dir='ltr'><strong>AVT·</strong></span> 
     </span>
    </p>
   </div>
   <div class='ocr_carea' id='block_1_2' title="bbox 206 443 1300 3329">
    <p class='ocr_par' dir='ltr' id='par_1_2' title="bbox 206 443 1300 3329">
     <span class='ocr_line' id='line_1_2' title="bbox 278 443 1254 520; baseline -0.013 -11"><span class='ocrx_word' id='word_1_3' title='bbox 278 457 383 520; x_wconf 67' lang='lat' dir='ltr'><strong><em>intorno</em></strong></span> <span class='ocrx_word' id='word_1_4' title='bbox 414 451 466 517; x_wconf 85' lang='lat' dir='ltr'><strong><em>rit,</em></strong></span> <span class='ocrx_word' id='word_1_5' title='bbox 503 464 537 504; x_wconf 89' lang='lat' dir='ltr'><strong><em>en</em></strong></span> <span class='ocrx_word' id='word_1_6' title='bbox 569 446 624 501; x_wconf 81' lang='lat' dir='ltr'><strong><em>iem</em></strong></span> <span class='ocrx_word' id='word_1_7' title='bbox 652 444 804 511; x_wconf 75' lang='lat' dir='ltr'><strong><em>exstiterit,</em></strong></span> <span class='ocrx_word' id='word_1_8' title='bbox 839 443 889 498; x_wconf 74' lang='lat' dir='ltr'><strong><em>reb</em></strong></span> <span class='ocrx_word' id='word_1_9' title='bbox 915 457 1138 512; x_wconf 69' lang='lat' dir='ltr'><strong><em>ennumquam</em></strong></span> <span class='ocrx_word' id='word_1_10' title='bbox 1169 443 1254 497; x_wconf 75' lang='lat' dir='ltr'><strong><em>intutu</em></strong></span> 
     </span>
     <span class='ocr_line' id='line_1_3' title="bbox 279 527 1254 604; baseline -0.015 -9"><span class='ocrx_word' id='word_1_11' title='bbox 279 544 332 604; x_wconf 80' lang='lat' dir='ltr'><strong><em>cit,</em></strong></span> <span class='ocrx_word' id='word_1_12' title='bbox 364 546 411 593; x_wconf 84' lang='lat' dir='ltr'><strong><em>aut</em></strong></span> <span class='ocrx_word' id='word_1_13' title='bbox 435 535 515 590; x_wconf 80' lang='lat' dir='ltr'><strong><em>etiam</em></strong></span> <span class='ocrx_word' id='word_1_14' title='bbox 539 534 592 588; x_wconf 82' lang='lat' dir='ltr'><strong><em>iam</em></strong></span> <span class='ocrx_word' id='word_1_15' title='bbox 619 530 698 584; x_wconf 77' lang='lat' dir='ltr'><strong><em>adiit.</em></strong></span> <span class='ocrx_word' id='word_1_16' title='bbox 745 533 794 586; x_wconf 81' lang='lat' dir='ltr'><strong><em>liet</em></strong></span> <span class='ocrx_word' id='word_1_17' title='bbox 818 530 915 599; x_wconf 78' lang='lat' dir='ltr'><strong><em>igitur:</em></strong></span> <span class='ocrx_word' id='word_1_18' title='bbox 944 546 1008 583; x_wconf 86' lang='lat' dir='ltr'><strong><em>num</em></strong></span> <span class='ocrx_word' id='word_1_19' title='bbox 1034 527 1111 593; x_wconf 82' lang='lat' dir='ltr'><strong><em>erit,</em></strong></span> <span class='ocrx_word' id='word_1_20' title='bbox 1142 537 1187 581; x_wconf 84' lang='lat' dir='ltr'><strong><em>ant</em></strong></span> <span class='ocrx_word' id='word_1_21' title='bbox 1214 547 1254 598; x_wconf 87' lang='lat' dir='ltr'><strong><em>pc·</em></strong></span> 
     </span>
     <span class='ocr_line' id='line_1_4' title="bbox 280 611 1256 685; baseline -0.015 -7"><span class='ocrx_word' id='word_1_22' title='bbox 280 628 334 681; x_wconf 82' lang='lat' dir='ltr'><strong><em>tine</em></strong></span> <span class='ocrx_word' id='word_1_23' title='bbox 352 642 415 678; x_wconf 89' lang='lat' dir='ltr'><strong><em>num</em></strong></span> <span class='ocrx_word' id='word_1_24' title='bbox 430 623 483 675; x_wconf 79' lang='lat' dir='ltr'><strong><em>iem</em></strong></span> <span class='ocrx_word' id='word_1_25' title='bbox 503 629 545 673; x_wconf 84' lang='lat' dir='ltr'><strong><em>eet</em></strong></span> <span class='ocrx_word' id='word_1_26' title='bbox 569 616 643 671; x_wconf 78' lang='lat' dir='ltr'><strong><em>itte?</em></strong></span> <span class='ocrx_word' id='word_1_27' title='bbox 661 617 694 670; x_wconf 84' lang='lat' dir='ltr'><strong><em>de</em></strong></span> <span class='ocrx_word' id='word_1_28' title='bbox 713 617 766 673; x_wconf 83' lang='lat' dir='ltr'><strong><em>off.</em></strong></span> <span class='ocrx_word' id='word_1_29' title='bbox 783 615 819 681; x_wconf 82' lang='grc'><strong>8,</strong></span> <span class='ocrx_word' id='word_1_30' title='bbox 840 614 890 680; x_wconf 83' lang='grc'><strong><em>18,</em></strong></span> <span class='ocrx_word' id='word_1_31' title='bbox 905 611 948 667; x_wconf 86' lang='grc'><strong><em>54.</em></strong></span> <span class='ocrx_word' id='word_1_32' title='bbox 966 630 1072 685; x_wconf 77' lang='lat' dir='ltr'><strong><em>quaero</em></strong></span> <span class='ocrx_word' id='word_1_33' title='bbox 1093 640 1132 653; x_wconf 94' lang='lat'><em>-</em></span> <span class='ocrx_word' id='word_1_34' title='bbox 1149 633 1212 669; x_wconf 79' lang='lat' dir='ltr'><strong><em>nam</em></strong></span> <span class='ocrx_word' id='word_1_35' title='bbox 1226 618 1256 668; x_wconf 82' lang='lat' dir='ltr'><strong><em>ir·</em></strong></span> 
     </span>
     <span class='ocr_line' id='line_1_5' title="bbox 284 698 1256 776; baseline -0.015 -10"><span class='ocrx_word' id='word_1_36' title='bbox 284 714 359 768; x_wconf 85' lang='lat' dir='ltr'><strong><em>iuste</em></strong></span> <span class='ocrx_word' id='word_1_37' title='bbox 374 719 426 764; x_wconf 87' lang='lat' dir='ltr'><strong><em>aut</em></strong></span> <span class='ocrx_word' id='word_1_38' title='bbox 444 702 569 776; x_wconf 83' lang='lat' dir='ltr'><strong><em>improbe</em></strong></span> <span class='ocrx_word' id='word_1_39' title='bbox 580 699 696 775; x_wconf 82' lang='lat' dir='ltr'><strong><em>fecerit·</em></strong></span> <span class='ocrx_word' id='word_1_40' title='bbox 718 702 765 754; x_wconf 88' lang='lat' dir='ltr'><strong><em>nbi</em></strong></span> <span class='ocrx_word' id='word_1_41' title='bbox 778 699 937 768; x_wconf 80' lang='lat' dir='ltr'><strong><em>Heusingeri</em></strong></span> <span class='ocrx_word' id='word_1_42' title='bbox 961 699 1150 753; x_wconf 65' lang='lat' dir='ltr'><strong><em>demonstrant</em></strong></span> <span class='ocrx_word' id='word_1_43' title='bbox 1174 698 1256 753; x_wconf 81' lang='lat' dir='ltr'><strong><em>lectio·</em></strong></span> 
     </span>
     <span class='ocr_line' id='line_1_6' title="bbox 281 783 1258 859; baseline -0.014 -8"><span class='ocrx_word' id='word_1_44' title='bbox 281 815 343 852; x_wconf 85' lang='lat' dir='ltr'><strong><em>nem</em></strong></span> <span class='ocrx_word' id='word_1_45' title='bbox 367 795 433 848; x_wconf 92' lang='lat' dir='ltr'><strong><em>olim</em></strong></span> <span class='ocrx_word' id='word_1_46' title='bbox 450 791 580 858; x_wconf 77' lang='lat' dir='ltr'><strong>vulgatam</strong></span> <span class='ocrx_word' id='word_1_47' title='bbox 599 805 656 840; x_wconf 77' lang='lat' dir='ltr'><strong><em>erse</em></strong></span> <span class='ocrx_word' id='word_1_48' title='bbox 681 803 788 859; x_wconf 84' lang='lat' dir='ltr'><strong><em>prorenr</em></strong></span> <span class='ocrx_word' id='word_1_49' title='bbox 811 786 937 857; x_wconf 79' lang='lat' dir='ltr'><strong><em>ineptam.</em></strong></span> <span class='ocrx_word' id='word_1_50' title='bbox 951 783 1007 835; x_wconf 85' lang='lat' dir='ltr'><strong><em>vid.</em></strong></span> <span class='ocrx_word' id='word_1_51' title='bbox 1025 788 1121 837; x_wconf 86' lang='lat' dir='ltr'><strong><em>eoru&#39;m</em></strong></span> <span class='ocrx_word' id='word_1_52' title='bbox 1136 794 1258 837; x_wconf 82' lang='lat' dir='ltr'><strong><em>notamet</em></strong></span> 
     </span>
     <span class='ocr_line' id='line_1_7' title="bbox 281 866 1259 951; baseline -0.013 -17"><span class='ocrx_word' id='word_1_53' title='bbox 281 891 403 939; x_wconf 78' lang='lat' dir='ltr'><strong><em>noctram</em></strong></span> <span class='ocrx_word' id='word_1_54' title='bbox 420 898 448 951; x_wconf 86' lang='lat' dir='ltr'><strong><em>p.</em></strong></span> <span class='ocrx_word' id='word_1_55' title='bbox 466 873 511 927; x_wconf 85' lang='grc'><strong><em>78.</em></strong></span> <span class='ocrx_word' id='word_1_56' title='bbox 544 873 579 926; x_wconf 82' lang='lat' dir='ltr'><strong><em>ad</em></strong></span> <span class='ocrx_word' id='word_1_57' title='bbox 596 875 670 927; x_wconf 73' lang='lat' dir='ltr'><strong><em>Fam,</em></strong></span> <span class='ocrx_word' id='word_1_58' title='bbox 690 868 740 937; x_wconf 92' lang='grc'><strong><em>14,</em></strong></span> <span class='ocrx_word' id='word_1_59' title='bbox 759 870 853 937; x_wconf 83' lang='lat'><strong><em>18,1.</em></strong></span> <span class='ocrx_word' id='word_1_60' title='bbox 876 866 1113 924; x_wconf 80' lang='lat' dir='ltr'><strong><em>considerandam</em></strong></span> <span class='ocrx_word' id='word_1_61' title='bbox 1134 866 1214 925; x_wconf 79' lang='lat' dir='ltr'><strong><em>uobis</em></strong></span> <span class='ocrx_word' id='word_1_62' title='bbox 1232 896 1259 911; x_wconf 91' lang='lat'><strong><em>-·</em></strong></span> 
     </span>
     <span class='ocr_line' id='line_1_8' title="bbox 277 951 1259 1038; baseline -0.019 -18"><span class='ocrx_word' id='word_1_63' title='bbox 277 976 350 1038; x_wconf 81' lang='lat' dir='ltr'><strong><em>puto</em></strong></span> <span class='ocrx_word' id='word_1_64' title='bbox 367 992 418 1027; x_wconf 84' lang='lat'><strong><em>·-.,</em></strong></span> <span class='ocrx_word' id='word_1_65' title='bbox 444 962 589 1016; x_wconf 76' lang='lat' dir='ltr'><strong><em>Romaene</em></strong></span> <span class='ocrx_word' id='word_1_66' title='bbox 615 961 697 1023; x_wconf 83' lang='lat' dir='ltr'><strong><em>sitis,</em></strong></span> <span class='ocrx_word' id='word_1_67' title='bbox 721 967 773 1013; x_wconf 82' lang='lat' dir='ltr'><strong><em>aut</em></strong></span> <span class='ocrx_word' id='word_1_68' title='bbox 793 974 899 1012; x_wconf 82' lang='lat' dir='ltr'><strong><em>mecum</em></strong></span> <span class='ocrx_word' id='word_1_69' title='bbox 922 954 959 1006; x_wconf 69' lang='lat' dir='ltr'><strong><em>ia‘</em></strong></span> <span class='ocrx_word' id='word_1_70' title='bbox 977 951 1077 1029; x_wconf 80' lang='lat' dir='ltr'><strong><em>aliquo</em></strong></span> <span class='ocrx_word' id='word_1_71' title='bbox 1107 963 1174 1009; x_wconf 80' lang='lat' dir='ltr'><strong><em>tuto</em></strong></span> <span class='ocrx_word' id='word_1_72' title='bbox 1198 952 1259 1007; x_wconf 72' lang='lat' dir='ltr'><strong><em>ioco.</em></strong></span> 
     </span>
     <span class='ocr_line' id='line_1_9' title="bbox 278 1038 1259 1118; baseline -0.014 -14"><span class='ocrx_word' id='word_1_73' title='bbox 278 1049 417 1118; x_wconf 79' lang='lat' dir='ltr'><strong><em>Bengeliue</em></strong></span> <span class='ocrx_word' id='word_1_74' title='bbox 434 1061 485 1099; x_wconf 86' lang='lat' dir='ltr'><strong><em>aut</em></strong></span> <span class='ocrx_word' id='word_1_75' title='bbox 501 1062 556 1098; x_wconf 91' lang='lat' dir='ltr'><strong><em>non</em></strong></span> <span class='ocrx_word' id='word_1_76' title='bbox 573 1062 624 1114; x_wconf 86' lang='lat' dir='ltr'><strong><em>pro</em></strong></span> <span class='ocrx_word' id='word_1_77' title='bbox 642 1062 682 1098; x_wconf 81' lang='lat' dir='ltr'><strong><em>arr</em></strong></span> <span class='ocrx_word' id='word_1_78' title='bbox 702 1041 821 1114; x_wconf 76' lang='lat' dir='ltr'><strong><em>accepit,</em></strong></span> <span class='ocrx_word' id='word_1_79' title='bbox 846 1050 876 1094; x_wconf 90' lang='lat' dir='ltr'><strong><em>et</em></strong></span> <span class='ocrx_word' id='word_1_80' title='bbox 898 1038 1009 1115; x_wconf 67' lang='lat' dir='ltr'><strong><em>ulterior</em></strong></span> <span class='ocrx_word' id='word_1_81' title='bbox 1028 1038 1146 1093; x_wconf 83' lang='lat' dir='ltr'><strong>membri</strong></span> <span class='ocrx_word' id='word_1_82' title='bbox 1166 1038 1259 1108; x_wconf 81' lang='lat' dir='ltr'><strong><em>elliprin</em></strong></span> 
     </span>
     <span class='ocr_line' id='line_1_10' title="bbox 279 1123 1256 1204; baseline -0.009 -19"><span class='ocrx_word' id='word_1_83' title='bbox 279 1133 398 1204; x_wconf 79' lang='lat' dir='ltr'><strong><em>explevit</em></strong></span> <span class='ocrx_word' id='word_1_84' title='bbox 419 1149 468 1202; x_wconf 87' lang='lat' dir='ltr'><strong><em>per</em></strong></span> <span class='ocrx_word' id='word_1_85' title='bbox 493 1149 597 1185; x_wconf 79' lang='lat' dir='ltr'><strong><em>necnee</em></strong></span> <span class='ocrx_word' id='word_1_86' title='bbox 621 1129 674 1182; x_wconf 83' lang='lat' dir='ltr'><strong><em>alii</em></strong></span> <span class='ocrx_word' id='word_1_87' title='bbox 686 1136 820 1181; x_wconf 83' lang='lat' dir='ltr'><strong><em>mutarunt</em></strong></span> <span class='ocrx_word' id='word_1_88' title='bbox 838 1145 893 1188; x_wconf 82' lang='lat' dir='ltr'><strong><em>aa,</em></strong></span> <span class='ocrx_word' id='word_1_89' title='bbox 918 1123 990 1196; x_wconf 82' lang='lat' dir='ltr'><strong><em>quod</em></strong></span> <span class='ocrx_word' id='word_1_90' title='bbox 1004 1124 1187 1178; x_wconf 78' lang='lat' dir='ltr'><strong><em>necessarium</em></strong></span> <span class='ocrx_word' id='word_1_91' title='bbox 1201 1135 1256 1181; x_wconf 81' lang='lat' dir='ltr'><strong><em>eret</em></strong></span> 
     </span>
     <span class='ocr_line' id='line_1_11' title="bbox 277 1209 1258 1289; baseline -0.009 -18"><span class='ocrx_word' id='word_1_92' title='bbox 277 1217 425 1287; x_wconf 73' lang='lat' dir='ltr'><strong><em>Longoline</em></strong></span> <span class='ocrx_word' id='word_1_93' title='bbox 444 1215 479 1269; x_wconf 83' lang='lat' dir='ltr'><strong><em>ad</em></strong></span> <span class='ocrx_word' id='word_1_94' title='bbox 495 1215 563 1268; x_wconf 88' lang='lat' dir='ltr'><strong><em>Plin.</em></strong></span> <span class='ocrx_word' id='word_1_95' title='bbox 578 1215 629 1283; x_wconf 83' lang='lat' dir='ltr'><strong><em>Ep.</em></strong></span> <span class='ocrx_word' id='word_1_96' title='bbox 645 1213 697 1278; x_wconf 84' lang='grc'><strong><em>10,</em></strong></span> <span class='ocrx_word' id='word_1_97' title='bbox 713 1210 758 1270; x_wconf 82' lang='grc'><strong><em>48.</em></strong></span> <span class='ocrx_word' id='word_1_98' title='bbox 775 1211 934 1289; x_wconf 54' lang='grc' dir='ltr'><strong><em>αιιῄτίωῑο</em></strong></span> <span class='ocrx_word' id='word_1_99' title='bbox 951 1209 1012 1263; x_wconf 81' lang='lat' dir='ltr'><strong><em>cod.</em></strong></span> <span class='ocrx_word' id='word_1_100' title='bbox 1036 1209 1159 1265; x_wconf 79' lang='lat' dir='ltr'><strong><em>vaticani</em></strong></span> <span class='ocrx_word' id='word_1_101' title='bbox 1176 1209 1258 1263; x_wconf 80' lang='lat' dir='ltr'><strong><em>deien-</em></strong></span> 
     </span>
     <span class='ocr_line' id='line_1_12' title="bbox 280 1291 1259 1367; baseline -0.005 -14"><span class='ocrx_word' id='word_1_102' title='bbox 280 1300 344 1353; x_wconf 77' lang='lat' dir='ltr'><strong><em>flere</em></strong></span> <span class='ocrx_word' id='word_1_103' title='bbox 359 1300 417 1355; x_wconf 80' lang='lat' dir='ltr'><strong><em>vult</em></strong></span> <span class='ocrx_word' id='word_1_104' title='bbox 432 1311 492 1367; x_wconf 87' lang='lat' dir='ltr'><strong><em>aut,</em></strong></span> <span class='ocrx_word' id='word_1_105' title='bbox 508 1300 556 1354; x_wconf 81' lang='lat' dir='ltr'><strong><em>red</em></strong></span> <span class='ocrx_word' id='word_1_106' title='bbox 571 1299 682 1354; x_wconf 68' lang='lat' dir='ltr'><strong><em>trasna,</em></strong></span> <span class='ocrx_word' id='word_1_107' title='bbox 713 1297 795 1354; x_wconf 64' lang='lat' dir='ltr'><strong><em>bned·</em></strong></span> <span class='ocrx_word' id='word_1_108' title='bbox 813 1296 846 1364; x_wconf 79' lang='grc'><strong>2,</strong></span> <span class='ocrx_word' id='word_1_109' title='bbox 864 1295 915 1363; x_wconf 82' lang='grc'><strong>89,</strong></span> <span class='ocrx_word' id='word_1_110' title='bbox 938 1291 999 1349; x_wconf 78' lang='lat'><strong>124.</strong></span> <span class='ocrx_word' id='word_1_111' title='bbox 1018 1304 1192 1360; x_wconf 74' lang='lat' dir='ltr'><strong><em>tenemusne,</em></strong></span> <span class='ocrx_word' id='word_1_112' title='bbox 1204 1294 1259 1367; x_wconf 69' lang='lat' dir='ltr'><strong><em>pail</em></strong></span> 
     </span>
     <span class='ocr_line' id='line_1_13' title="bbox 279 1377 1259 1453; baseline -0.009 -14"><span class='ocrx_word' id='word_1_113' title='bbox 279 1384 390 1439; x_wconf 80' lang='lat' dir='ltr'><strong><em>animur</em></strong></span> <span class='ocrx_word' id='word_1_114' title='bbox 409 1384 474 1442; x_wconf 82' lang='lat' dir='ltr'><strong><em>siti</em></strong></span> <span class='ocrx_word' id='word_1_115' title='bbox 496 1382 546 1440; x_wconf 86' lang='lat' dir='ltr'><strong><em>abi</em></strong></span> <span class='ocrx_word' id='word_1_116' title='bbox 565 1387 627 1441; x_wconf 76' lang='lat' dir='ltr'><strong><em>citi</em></strong></span> <span class='ocrx_word' id='word_1_117' title='bbox 647 1382 766 1453; x_wconf 78' lang='lat' dir='ltr'><strong><em>denique</em></strong></span> <span class='ocrx_word' id='word_1_118' title='bbox 780 1382 870 1448; x_wconf 79' lang='lat' dir='ltr'><strong><em>sitne,</em></strong></span> <span class='ocrx_word' id='word_1_119' title='bbox 893 1389 961 1445; x_wconf 81' lang='lat' dir='ltr'><strong><em>aar,</em></strong></span> <span class='ocrx_word' id='word_1_120' title='bbox 980 1388 1019 1451; x_wconf 81' lang='lat' dir='ltr'><strong><em>rt¹</em></strong></span> <span class='ocrx_word' id='word_1_121' title='bbox 1038 1377 1259 1435; x_wconf 76' lang='lat' dir='ltr'><strong><em>Dicaearctoci-</em></strong></span> 
     </span>
     <span class='ocr_line' id='line_1_14' title="bbox 277 1465 1259 1545; baseline -0.007 -21"><span class='ocrx_word' id='word_1_122' title='bbox 277 1479 419 1537; x_wconf 75' lang='lat' dir='ltr'><strong><em>comest,</em></strong></span> <span class='ocrx_word' id='word_1_123' title='bbox 443 1489 478 1525; x_wconf 83' lang='lat' dir='ltr'><strong><em>nc</em></strong></span> <span class='ocrx_word' id='word_1_124' title='bbox 497 1471 535 1525; x_wconf 79' lang='lat' dir='ltr'><strong><em>sit</em></strong></span> <span class='ocrx_word' id='word_1_125' title='bbox 554 1470 665 1545; x_wconf 72' lang='lat' dir='ltr'><strong><em>quidem</em></strong></span> <span class='ocrx_word' id='word_1_126' title='bbox 690 1468 792 1525; x_wconf 77' lang='lat' dir='ltr'><strong><em>ullus?</em></strong></span> <span class='ocrx_word' id='word_1_127' title='bbox 816 1468 880 1520; x_wconf 84' lang='lat' dir='ltr'><strong><em>Cum</em></strong></span> <span class='ocrx_word' id='word_1_128' title='bbox 895 1466 1003 1521; x_wconf 81' lang='lat' dir='ltr'><strong><em>Davicio</em></strong></span> <span class='ocrx_word' id='word_1_129' title='bbox 1025 1466 1193 1521; x_wconf 80' lang='lat' dir='ltr'><strong><em>Goerenziur</em></strong></span> <span class='ocrx_word' id='word_1_130' title='bbox 1208 1465 1259 1518; x_wconf 79' lang='lat' dir='ltr'><strong><em>cdi·</em></strong></span> 
     </span>
     <span class='ocr_line' id='line_1_15' title="bbox 281 1549 1260 1625; baseline -0.003 -19"><span class='ocrx_word' id='word_1_131' title='bbox 281 1553 324 1606; x_wconf 81' lang='lat' dir='ltr'><strong><em>dit</em></strong></span> <span class='ocrx_word' id='word_1_132' title='bbox 342 1574 397 1622; x_wconf 86' lang='lat' dir='ltr'><strong><em>arr,</em></strong></span> <span class='ocrx_word' id='word_1_133' title='bbox 416 1555 531 1609; x_wconf 82' lang='lat' dir='ltr'><strong><em>Orellinr</em></strong></span> <span class='ocrx_word' id='word_1_134' title='bbox 552 1573 587 1611; x_wconf 83' lang='lat' dir='ltr'><strong><em>ne</em></strong></span> <span class='ocrx_word' id='word_1_135' title='bbox 604 1553 818 1615; x_wconf 82' lang='lat' dir='ltr'><strong><em>commemoravit</em></strong></span> <span class='ocrx_word' id='word_1_136' title='bbox 834 1552 941 1625; x_wconf 86' lang='lat' dir='ltr'><strong><em>quidem</em></strong></span> <span class='ocrx_word' id='word_1_137' title='bbox 955 1549 1136 1619; x_wconf 74' lang='lat' dir='ltr'>antiquiorem</span> <span class='ocrx_word' id='word_1_138' title='bbox 1153 1550 1260 1623; x_wconf 80' lang='lat' dir='ltr'><strong><em>rcriptr·</em></strong></span> 
     </span>
     <span class='ocr_line' id='line_1_16' title="bbox 277 1631 1261 1711; baseline -0.006 -16"><span class='ocrx_word' id='word_1_139' title='bbox 277 1655 344 1695; x_wconf 76' lang='lat' dir='ltr'><strong><em>rem.</em></strong></span> <span class='ocrx_word' id='word_1_140' title='bbox 385 1643 477 1696; x_wconf 79' lang='lat' dir='ltr'><strong><em>Senec.</em></strong></span> <span class='ocrx_word' id='word_1_141' title='bbox 502 1642 552 1710; x_wconf 87' lang='lat' dir='ltr'><strong><em>Ep.</em></strong></span> <span class='ocrx_word' id='word_1_142' title='bbox 579 1638 632 1705; x_wconf 80' lang='lat'><strong><em>62,</em></strong></span> <span class='ocrx_word' id='word_1_143' title='bbox 660 1638 688 1692; x_wconf 84' lang='lat' dir='ltr'><strong><em>t.</em></strong></span> <span class='ocrx_word' id='word_1_144' title='bbox 721 1657 818 1711; x_wconf 80' lang='lat' dir='ltr'><strong><em>quem,</em></strong></span> <span class='ocrx_word' id='word_1_145' title='bbox 848 1637 959 1710; x_wconf 72' lang='lat' dir='ltr'><strong><em>inquis,</em></strong></span> <span class='ocrx_word' id='word_1_146' title='bbox 993 1631 1162 1691; x_wconf 74' lang='lat' dir='ltr'><strong><em>invocabo?</em></strong></span> <span class='ocrx_word' id='word_1_147' title='bbox 1198 1634 1261 1689; x_wconf 80' lang='lat' dir='ltr'><strong><em>bane</em></strong></span> 
     </span>
     <span class='ocr_line' id='line_1_17' title="bbox 277 1712 1300 1792; baseline -0.001 -16"><span class='ocrx_word' id='word_1_148' title='bbox 277 1733 332 1776; x_wconf 86' lang='lat' dir='ltr'><strong><em>aut</em></strong></span> <span class='ocrx_word' id='word_1_149' title='bbox 355 1721 457 1782; x_wconf 78' lang='lat' dir='ltr'><strong><em>ilium?</em></strong></span> <span class='ocrx_word' id='word_1_150' title='bbox 484 1726 516 1779; x_wconf 87' lang='lat' dir='ltr'><strong><em>de</em></strong></span> <span class='ocrx_word' id='word_1_151' title='bbox 534 1725 585 1780; x_wconf 80' lang='lat' dir='ltr'><strong><em>huo</em></strong></span> <span class='ocrx_word' id='word_1_152' title='bbox 608 1725 738 1791; x_wconf 76' lang='lat' dir='ltr'><strong><em>formula,</em></strong></span> <span class='ocrx_word' id='word_1_153' title='bbox 767 1723 846 1779; x_wconf 75' lang='lat' dir='ltr'><strong><em>etiam</em></strong></span> <span class='ocrx_word' id='word_1_154' title='bbox 870 1712 1209 1792; x_wconf 65' lang='lat' dir='ltr'><strong><em>apudc10.p.ncsc.n</em></strong></span> <span class='ocrx_word' id='word_1_155' title='bbox 1223 1719 1262 1786; x_wconf 81' lang='lat'><strong><em>21,</em></strong></span> <span class='ocrx_word' id='word_1_156' title='bbox 1298 1766 1300 1775; x_wconf 94' lang='lat'><em>.</em></span> 
     </span>
     <span class='ocr_line' id='line_1_18' title="bbox 279 1805 1261 1882; baseline -0.002 -22"><span class='ocrx_word' id='word_1_157' title='bbox 279 1805 324 1860; x_wconf 83' lang='grc'><strong><em>59.</em></strong></span> <span class='ocrx_word' id='word_1_158' title='bbox 341 1808 435 1874; x_wconf 82' lang='lat' dir='ltr'><strong><em>obvio,</em></strong></span> <span class='ocrx_word' id='word_1_159' title='bbox 452 1810 505 1864; x_wconf 82' lang='lat' dir='ltr'><strong><em>vid.</em></strong></span> <span class='ocrx_word' id='word_1_160' title='bbox 521 1830 548 1882; x_wconf 87' lang='lat' dir='ltr'><strong><em>p.</em></strong></span> <span class='ocrx_word' id='word_1_161' title='bbox 565 1809 627 1865; x_wconf 80' lang='grc'><strong>808.</strong></span> <span class='ocrx_word' id='word_1_162' title='bbox 660 1810 728 1865; x_wconf 76' lang='lat' dir='ltr'><strong><em>Ptin.</em></strong></span> <span class='ocrx_word' id='word_1_163' title='bbox 747 1811 796 1880; x_wconf 86' lang='lat' dir='ltr'><strong><em>Ep.</em></strong></span> <span class='ocrx_word' id='word_1_164' title='bbox 814 1810 864 1874; x_wconf 89' lang='grc'><strong><em>10,</em></strong></span> <span class='ocrx_word' id='word_1_165' title='bbox 881 1806 933 1872; x_wconf 88' lang='grc'><strong>48,</strong></span> <span class='ocrx_word' id='word_1_166' title='bbox 950 1805 978 1863; x_wconf 75' lang='grc'><strong><em>2.</em></strong></span> <span class='ocrx_word' id='word_1_167' title='bbox 999 1805 1121 1878; x_wconf 72' lang='lat' dir='ltr'><strong><em>dignum</em></strong></span> <span class='ocrx_word' id='word_1_168' title='bbox 1138 1818 1183 1860; x_wconf 85' lang='lat' dir='ltr'><strong><em>est</em></strong></span> <span class='ocrx_word' id='word_1_169' title='bbox 1198 1814 1261 1859; x_wconf 73' lang='lat' dir='ltr'><strong><em>certe</em></strong></span> 
     </span>
     <span class='ocr_line' id='line_1_19' title="bbox 279 1889 1261 1967; baseline -0.001 -23"><span class='ocrx_word' id='word_1_170' title='bbox 279 1890 499 1961; x_wconf 77' lang='lat' dir='ltr'><strong><em>deliberatione,</em></strong></span> <span class='ocrx_word' id='word_1_171' title='bbox 532 1898 605 1950; x_wconf 85' lang='lat' dir='ltr'><strong><em>sitne</em></strong></span> <span class='ocrx_word' id='word_1_172' title='bbox 622 1890 807 1967; x_wconf 81' lang='lat' dir='ltr'><strong><em>faciendum,</em></strong></span> <span class='ocrx_word' id='word_1_173' title='bbox 834 1902 885 1947; x_wconf 83' lang='lat' dir='ltr'><strong><em>aut</em></strong></span> <span class='ocrx_word' id='word_1_174' title='bbox 908 1895 946 1948; x_wconf 86' lang='lat' dir='ltr'><strong><em>sit</em></strong></span> <span class='ocrx_word' id='word_1_175' title='bbox 970 1889 1205 1964; x_wconf 79' lang='lat' dir='ltr'><strong><em>relinquendum,</em></strong></span> <span class='ocrx_word' id='word_1_176' title='bbox 1229 1909 1261 1945; x_wconf 78' lang='lat' dir='ltr'><strong><em>oe</em></strong></span> 
     </span>
     <span class='ocr_line' id='line_1_20' title="bbox 280 1974 1262 2053; baseline -0.003 -23"><span class='ocrx_word' id='word_1_177' title='bbox 280 1977 368 2032; x_wconf 87' lang='lat' dir='ltr'><strong><em>etiam</em></strong></span> <span class='ocrx_word' id='word_1_178' title='bbox 393 1978 601 2034; x_wconf 81' lang='lat' dir='ltr'><strong><em>destruendum.</em></strong></span> <span class='ocrx_word' id='word_1_179' title='bbox 649 1974 783 2053; x_wconf 77' lang='lat' dir='ltr'><strong><em>Quidquid</em></strong></span> <span class='ocrx_word' id='word_1_180' title='bbox 808 1977 966 2045; x_wconf 79' lang='lat' dir='ltr'><strong><em>Longolius.</em></strong></span> <span class='ocrx_word' id='word_1_181' title='bbox 979 1976 1073 2043; x_wconf 85' lang='lat' dir='ltr'><strong><em>dicat,</em></strong></span> <span class='ocrx_word' id='word_1_182' title='bbox 1101 1976 1262 2030; x_wconf 72' lang='lat' dir='ltr'><strong><em>scribendum</em></strong></span> 
     </span>
     <span class='ocr_line' id='line_1_21' title="bbox 282 2061 1261 2135; baseline 0 -21"><span class='ocrx_word' id='word_1_183' title='bbox 282 2071 324 2114; x_wconf 79' lang='lat' dir='ltr'><strong><em>est</em></strong></span> <span class='ocrx_word' id='word_1_184' title='bbox 341 2081 388 2118; x_wconf 85' lang='lat' dir='ltr'><strong><em>arr.</em></strong></span> <span class='ocrx_word' id='word_1_185' title='bbox 408 2065 456 2117; x_wconf 80' lang='lat' dir='ltr'><strong><em>ced</em></strong></span> <span class='ocrx_word' id='word_1_186' title='bbox 474 2065 508 2131; x_wconf 87' lang='lat'><strong><em>1,</em></strong></span> <span class='ocrx_word' id='word_1_187' title='bbox 526 2065 577 2132; x_wconf 88' lang='grc'><strong><em>18,</em></strong></span> <span class='ocrx_word' id='word_1_188' title='bbox 594 2061 619 2119; x_wconf 88' lang='grc'><strong><em>5.</em></strong></span> <span class='ocrx_word' id='word_1_189' title='bbox 636 2063 717 2121; x_wconf 82' lang='lat' dir='ltr'><strong><em>verba</em></strong></span> <span class='ocrx_word' id='word_1_190' title='bbox 736 2071 788 2117; x_wconf 89' lang='lat' dir='ltr'><strong><em>aut</em></strong></span> <span class='ocrx_word' id='word_1_191' title='bbox 812 2066 837 2123; x_wconf 81' lang='lat' dir='ltr'><strong><em>ei</em></strong></span> <span class='ocrx_word' id='word_1_192' title='bbox 862 2063 948 2114; x_wconf 88' lang='lat' dir='ltr'><strong><em>totius</em></strong></span> <span class='ocrx_word' id='word_1_193' title='bbox 964 2073 1051 2135; x_wconf 81' lang='lat' dir='ltr'><strong><em>putas</em></strong></span> <span class='ocrx_word' id='word_1_194' title='bbox 1070 2079 1130 2117; x_wconf 88' lang='lat' dir='ltr'><strong><em>non</em></strong></span> <span class='ocrx_word' id='word_1_195' title='bbox 1141 2061 1144 2065; x_wconf 81' lang='lat'>&#39;</span> <span class='ocrx_word' id='word_1_196' title='bbox 1155 2078 1261 2132; x_wconf 72' lang='lat' dir='ltr'><strong><em>respon·</em></strong></span> 
     </span>
     <span class='ocr_line' id='line_1_22' title="bbox 240 2144 1260 2218; baseline 0.002 -20"><span class='ocrx_word' id='word_1_197' title='bbox 240 2144 244 2155; x_wconf 90' lang='grc'><em>“</em></span> <span class='ocrx_word' id='word_1_198' title='bbox 282 2147 347 2199; x_wconf 83' lang='lat' dir='ltr'><strong><em>dere</em></strong></span> <span class='ocrx_word' id='word_1_199' title='bbox 363 2151 530 2207; x_wconf 76' lang='lat' dir='ltr'><strong>antecedenti</strong></span> <span class='ocrx_word' id='word_1_200' title='bbox 545 2171 601 2218; x_wconf 79' lang='lat' dir='ltr'><strong><em>aa,</em></strong></span> <span class='ocrx_word' id='word_1_201' title='bbox 619 2151 672 2207; x_wconf 83' lang='lat' dir='ltr'><strong><em>iarn</em></strong></span> <span class='ocrx_word' id='word_1_202' title='bbox 692 2152 823 2203; x_wconf 79' lang='lat' dir='ltr'><strong><em>Gesnerns</em></strong></span> <span class='ocrx_word' id='word_1_203' title='bbox 841 2146 953 2202; x_wconf 80' lang='lat' dir='ltr'><strong><em>notavit.</em></strong></span> <span class='ocrx_word' id='word_1_204' title='bbox 986 2148 1084 2215; x_wconf 81' lang='lat' dir='ltr'><strong><em>Paneg.</em></strong></span> <span class='ocrx_word' id='word_1_205' title='bbox 1105 2144 1260 2212; x_wconf 74' lang='lat' dir='ltr'><strong><em>84,1.e··</em></strong></span> 
     </span>
     <span class='ocr_line' id='line_1_23' title="bbox 281 2227 1260 2309; baseline -0.004 -19"><span class='ocrx_word' id='word_1_206' title='bbox 281 2227 372 2290; x_wconf 74' lang='lat' dir='ltr'><strong><em>item</em></strong></span> <span class='ocrx_word' id='word_1_207' title='bbox 390 2246 521 2309; x_wconf 78' lang='lat' dir='ltr'><strong><em>cogatur,</em></strong></span> <span class='ocrx_word' id='word_1_208' title='bbox 541 2246 633 2291; x_wconf 84' lang='lat' dir='ltr'><strong><em>utrum</em></strong></span> <span class='ocrx_word' id='word_1_209' title='bbox 653 2240 692 2292; x_wconf 86' lang='lat' dir='ltr'><strong><em>sit</em></strong></span> <span class='ocrx_word' id='word_1_210' title='bbox 710 2229 855 2308; x_wconf 81' lang='lat' dir='ltr'><strong><em>efficacius</em></strong></span> <span class='ocrx_word' id='word_1_211' title='bbox 870 2230 910 2285; x_wconf 79' lang='lat' dir='ltr'><strong><em>ad</em></strong></span> <span class='ocrx_word' id='word_1_212' title='bbox 930 2242 1001 2288; x_wconf 86' lang='lat' dir='ltr'><strong><em>reete</em></strong></span> <span class='ocrx_word' id='word_1_213' title='bbox 1019 2231 1177 2289; x_wconf 80' lang='lat' dir='ltr'><strong><em>vivendum</em></strong></span> <span class='ocrx_word' id='word_1_214' title='bbox 1200 2228 1260 2286; x_wconf 84' lang='lat' dir='ltr'><strong><em>bere</em></strong></span> 
     </span>
     <span class='ocr_line' id='line_1_24' title="bbox 282 2315 1257 2390; baseline 0.001 -20"><span class='ocrx_word' id='word_1_215' title='bbox 282 2317 403 2387; x_wconf 85' lang='lat' dir='ltr'><strong><em>institui,</em></strong></span> <span class='ocrx_word' id='word_1_216' title='bbox 420 2331 471 2374; x_wconf 91' lang='lat' dir='ltr'><strong><em>aut</em></strong></span> <span class='ocrx_word' id='word_1_217' title='bbox 483 2315 613 2390; x_wconf 78' lang='lat' dir='ltr'><strong><em>feliciter</em></strong></span> <span class='ocrx_word' id='word_1_218' title='bbox 629 2323 717 2378; x_wconf 78' lang='lat' dir='ltr'><strong><em>nasci.</em></strong></span> <span class='ocrx_word' id='word_1_219' title='bbox 734 2321 774 2374; x_wconf 81' lang='lat' dir='ltr'><strong><em>ito</em></strong></span> <span class='ocrx_word' id='word_1_220' title='bbox 789 2316 895 2389; x_wconf 81' lang='lat' dir='ltr'><strong>plurimi</strong></span> <span class='ocrx_word' id='word_1_221' title='bbox 911 2318 983 2385; x_wconf 85' lang='lat' dir='ltr'>libri,</span> <span class='ocrx_word' id='word_1_222' title='bbox 1000 2317 1049 2372; x_wconf 83' lang='lat' dir='ltr'><strong><em>red</em></strong></span> <span class='ocrx_word' id='word_1_223' title='bbox 1069 2317 1133 2371; x_wconf 85' lang='lat' dir='ltr'><strong><em>cod.</em></strong></span> <span class='ocrx_word' id='word_1_224' title='bbox 1152 2317 1257 2372; x_wconf 76' lang='lat' dir='ltr'><strong><em>vatican.</em></strong></span> 
     </span>
     <span class='ocr_line' id='line_1_25' title="bbox 283 2401 1259 2461; baseline 0.001 -8"><span class='ocrx_word' id='word_1_225' title='bbox 283 2420 330 2454; x_wconf 86' lang='lat' dir='ltr'><strong><em>arr.</em></strong></span> <span class='ocrx_word' id='word_1_226' title='bbox 364 2403 426 2455; x_wconf 82' lang='lat' dir='ltr'><strong><em>Vid.</em></strong></span> <span class='ocrx_word' id='word_1_227' title='bbox 453 2405 580 2459; x_wconf 83' lang='lat' dir='ltr'><strong><em>Schwarz.</em></strong></span> <span class='ocrx_word' id='word_1_228' title='bbox 598 2406 632 2459; x_wconf 79' lang='lat' dir='ltr'><strong><em>nd</em></strong></span> <span class='ocrx_word' id='word_1_229' title='bbox 651 2405 679 2459; x_wconf 86' lang='lat' dir='ltr'><strong><em>h.</em></strong></span> <span class='ocrx_word' id='word_1_230' title='bbox 698 2406 718 2461; x_wconf 80' lang='lat' dir='ltr'><strong><em>l.</em></strong></span> <span class='ocrx_word' id='word_1_231' title='bbox 752 2403 874 2458; x_wconf 75' lang='lat' dir='ltr'><strong><em>Seduni</em></strong></span> <span class='ocrx_word' id='word_1_232' title='bbox 894 2403 967 2457; x_wconf 87' lang='lat' dir='ltr'><strong><em>docti</em></strong></span> <span class='ocrx_word' id='word_1_233' title='bbox 984 2402 1052 2459; x_wconf 80' lang='lat' dir='ltr'><strong><em>adeo</em></strong></span> <span class='ocrx_word' id='word_1_234' title='bbox 1076 2401 1107 2457; x_wconf 78' lang='lat' dir='ltr'><strong><em>in</em></strong></span> <span class='ocrx_word' id='word_1_235' title='bbox 1133 2402 1259 2456; x_wconf 81' lang='lat' dir='ltr'><strong><em>alienieti-</em></strong></span> 
     </span>
     <span class='ocr_line' id='line_1_26' title="bbox 281 2486 1273 2558; baseline 0.003 -21"><span class='ocrx_word' id='word_1_236' title='bbox 281 2486 333 2538; x_wconf 81' lang='lat' dir='ltr'><strong><em>mie</em></strong></span> <span class='ocrx_word' id='word_1_237' title='bbox 358 2488 484 2558; x_wconf 81' lang='lat' dir='ltr'><strong><em>exemplis</em></strong></span> <span class='ocrx_word' id='word_1_238' title='bbox 508 2489 664 2556; x_wconf 79' lang='lat' dir='ltr'><strong><em>haeserunt,</em></strong></span> <span class='ocrx_word' id='word_1_239' title='bbox 689 2490 771 2544; x_wconf 87' lang='lat' dir='ltr'><strong><em>veluti</em></strong></span> <span class='ocrx_word' id='word_1_240' title='bbox 796 2490 824 2542; x_wconf 90' lang='lat' dir='ltr'><strong><em>in</em></strong></span> <span class='ocrx_word' id='word_1_241' title='bbox 852 2489 906 2542; x_wconf 84' lang='lat' dir='ltr'><strong><em>Cic.</em></strong></span> <span class='ocrx_word' id='word_1_242' title='bbox 924 2486 1017 2544; x_wconf 71' lang='lat' dir='ltr'><strong><em>read.</em></strong></span> <span class='ocrx_word' id='word_1_243' title='bbox 1038 2487 1073 2554; x_wconf 91' lang='lat'><strong><em>1,</em></strong></span> <span class='ocrx_word' id='word_1_244' title='bbox 1097 2487 1145 2542; x_wconf 92' lang='grc'><strong><em>14.</em></strong></span> <span class='ocrx_word' id='word_1_245' title='bbox 1173 2486 1273 2543; x_wconf 82' lang='lat' dir='ltr'><strong><em>melio·-</em></strong></span> 
     </span>
     <span class='ocr_line' id='line_1_27' title="bbox 281 2567 1256 2645; baseline 0.002 -24"><span class='ocrx_word' id='word_1_246' title='bbox 281 2572 373 2625; x_wconf 80' lang='lat' dir='ltr'><strong><em>remite</em></strong></span> <span class='ocrx_word' id='word_1_247' title='bbox 398 2567 490 2645; x_wconf 83' lang='lat' dir='ltr'><strong><em>efficit</em></strong></span> <span class='ocrx_word' id='word_1_248' title='bbox 514 2586 564 2628; x_wconf 88' lang='lat' dir='ltr'><strong><em>aut</em></strong></span> <span class='ocrx_word' id='word_1_249' title='bbox 585 2573 800 2631; x_wconf 76' lang='lat' dir='ltr'><strong><em>laudabiliorem</em></strong></span> <span class='ocrx_word' id='word_1_250' title='bbox 818 2573 933 2629; x_wconf 81' lang='lat' dir='ltr'><strong><em>virum?</em></strong></span> <span class='ocrx_word' id='word_1_251' title='bbox 960 2573 1022 2630; x_wconf 76' lang='lat' dir='ltr'><strong><em>vid.</em></strong></span> <span class='ocrx_word' id='word_1_252' title='bbox 1042 2573 1111 2628; x_wconf 85' lang='lat' dir='ltr'><strong><em>Titii</em></strong></span> <span class='ocrx_word' id='word_1_253' title='bbox 1130 2573 1256 2628; x_wconf 76' lang='lat' dir='ltr'><strong><em>Manedu-</em></strong></span> 
     </span>
     <span class='ocr_line' id='line_1_28' title="bbox 281 2655 1257 2733; baseline -0.003 -20"><span class='ocrx_word' id='word_1_254' title='bbox 281 2655 336 2706; x_wconf 71' lang='lat' dir='ltr'><strong><em>etio</em></strong></span> <span class='ocrx_word' id='word_1_255' title='bbox 356 2675 382 2727; x_wconf 84' lang='lat' dir='ltr'><strong><em>p·</em></strong></span> <span class='ocrx_word' id='word_1_256' title='bbox 400 2656 463 2715; x_wconf 76' lang='lat'><strong><em>832.</em></strong></span> <span class='ocrx_word' id='word_1_257' title='bbox 494 2661 579 2713; x_wconf 82' lang='lat' dir='ltr'><strong><em>Tacit.</em></strong></span> <span class='ocrx_word' id='word_1_258' title='bbox 597 2664 646 2714; x_wconf 81' lang='lat' dir='ltr'><strong><em>An.</em></strong></span> <span class='ocrx_word' id='word_1_259' title='bbox 668 2659 763 2726; x_wconf 86' lang='lat'><strong><em>4,17.</em></strong></span> <span class='ocrx_word' id='word_1_260' title='bbox 788 2662 945 2733; x_wconf 73' lang='lat' dir='ltr'><strong><em>accitosque</em></strong></span> <span class='ocrx_word' id='word_1_261' title='bbox 970 2658 1128 2729; x_wconf 80' lang='lat' dir='ltr'><strong><em>pontifices</em></strong></span> <span class='ocrx_word' id='word_1_262' title='bbox 1153 2675 1257 2731; x_wconf 82' lang='lat' dir='ltr'><strong><em>percur-</em></strong></span> 
     </span>
     <span class='ocr_line' id='line_1_29' title="bbox 283 2745 1257 2817; baseline 0.005 -25"><span class='ocrx_word' id='word_1_263' title='bbox 283 2749 374 2796; x_wconf 84' lang='lat' dir='ltr'><strong><em>otatus</em></strong></span> <span class='ocrx_word' id='word_1_264' title='bbox 405 2755 463 2810; x_wconf 88' lang='lat' dir='ltr'><strong><em>est,</em></strong></span> <span class='ocrx_word' id='word_1_265' title='bbox 501 2764 567 2798; x_wconf 86' lang='lat' dir='ltr'><strong><em>num</em></strong></span> <span class='ocrx_word' id='word_1_266' title='bbox 598 2746 629 2801; x_wconf 83' lang='lat' dir='ltr'><strong><em>id</em></strong></span> <span class='ocrx_word' id='word_1_267' title='bbox 654 2745 779 2817; x_wconf 83' lang='lat' dir='ltr'><strong><em>precibus</em></strong></span> <span class='ocrx_word' id='word_1_268' title='bbox 803 2755 853 2798; x_wconf 86' lang='lat' dir='ltr'><strong><em>aut</em></strong></span> <span class='ocrx_word' id='word_1_269' title='bbox 885 2746 968 2801; x_wconf 79' lang='lat' dir='ltr'><strong><em>minis</em></strong></span> <span class='ocrx_word' id='word_1_270' title='bbox 998 2746 1182 2817; x_wconf 78' lang='lat' dir='ltr'><strong><em>Agrippinae</em></strong></span> <span class='ocrx_word' id='word_1_271' title='bbox 1212 2745 1257 2797; x_wconf 91' lang='lat' dir='ltr'><strong><em>tri·</em></strong></span> 
     </span>
     <span class='ocr_line' id='line_1_30' title="bbox 281 2822 1256 2901; baseline 0.002 -25"><span class='ocrx_word' id='word_1_272' title='bbox 281 2822 395 2882; x_wconf 84' lang='lat' dir='ltr'><strong><em>baisset.</em></strong></span> <span class='ocrx_word' id='word_1_273' title='bbox 429 2832 492 2884; x_wconf 87' lang='lat' dir='ltr'><strong><em>Non</em></strong></span> <span class='ocrx_word' id='word_1_274' title='bbox 516 2832 659 2900; x_wconf 82' lang='lat' dir='ltr'><strong><em>quaerebat</em></strong></span> <span class='ocrx_word' id='word_1_275' title='bbox 682 2850 697 2884; x_wconf 86' lang='lat' dir='ltr'><strong><em>c</em></strong></span> <span class='ocrx_word' id='word_1_276' title='bbox 720 2829 904 2901; x_wconf 85' lang='lat' dir='ltr'><strong><em>pontificibus,</em></strong></span> <span class='ocrx_word' id='word_1_277' title='bbox 927 2847 988 2882; x_wconf 84' lang='lat' dir='ltr'><strong><em>num</em></strong></span> <span class='ocrx_word' id='word_1_278' title='bbox 1016 2829 1148 2883; x_wconf 73' lang='lat' dir='ltr'><strong><em>fecissent</em></strong></span> <span class='ocrx_word' id='word_1_279' title='bbox 1176 2826 1256 2898; x_wconf 88' lang='lat' dir='ltr'><strong><em>preci-</em></strong></span> 
     </span>
     <span class='ocr_line' id='line_1_31' title="bbox 282 2909 1256 2986; baseline 0.002 -25"><span class='ocrx_word' id='word_1_280' title='bbox 282 2909 331 2962; x_wconf 84' lang='lat' dir='ltr'><strong><em>bus</em></strong></span> <span class='ocrx_word' id='word_1_281' title='bbox 353 2914 513 2986; x_wconf 82' lang='lat' dir='ltr'><strong><em>Agrippinae</em></strong></span> <span class='ocrx_word' id='word_1_282' title='bbox 539 2917 679 2981; x_wconf 87' lang='lat' dir='ltr'><strong><em>commoti,</em></strong></span> <span class='ocrx_word' id='word_1_283' title='bbox 704 2934 737 2969; x_wconf 84' lang='lat' dir='ltr'><strong><em>an</em></strong></span> <span class='ocrx_word' id='word_1_284' title='bbox 762 2915 839 2967; x_wconf 83' lang='lat' dir='ltr'><strong><em>minis</em></strong></span> <span class='ocrx_word' id='word_1_285' title='bbox 863 2914 933 2978; x_wconf 80' lang='lat' dir='ltr'><strong><em>eius,</em></strong></span> <span class='ocrx_word' id='word_1_286' title='bbox 958 2914 1022 2978; x_wconf 79' lang='lat' dir='ltr'><strong><em>ced,</em></strong></span> <span class='ocrx_word' id='word_1_287' title='bbox 1048 2931 1111 2966; x_wconf 88' lang='lat' dir='ltr'><strong><em>num</em></strong></span> <span class='ocrx_word' id='word_1_288' title='bbox 1139 2914 1256 2966; x_wconf 83' lang='lat' dir='ltr'><strong><em>fecissent</em></strong></span> 
     </span>
     <span class='ocr_line' id='line_1_32' title="bbox 281 2996 1257 3072; baseline 0 -22"><span class='ocrx_word' id='word_1_289' title='bbox 281 2996 443 3069; x_wconf 74' lang='lat' dir='ltr'><strong><em>Agrippinae</em></strong></span> <span class='ocrx_word' id='word_1_290' title='bbox 462 3002 517 3055; x_wconf 83' lang='lat' dir='ltr'><strong><em>eive</em></strong></span> <span class='ocrx_word' id='word_1_291' title='bbox 533 3003 653 3072; x_wconf 82' lang='lat' dir='ltr'><strong><em>precibus</em></strong></span> <span class='ocrx_word' id='word_1_292' title='bbox 672 3001 726 3052; x_wconf 88' lang='lat' dir='ltr'><strong><em>sive</em></strong></span> <span class='ocrx_word' id='word_1_293' title='bbox 742 3001 830 3052; x_wconf 77' lang='lat' dir='ltr'><strong><em>minis.</em></strong></span> <span class='ocrx_word' id='word_1_294' title='bbox 846 3002 887 3053; x_wconf 86' lang='lat' dir='ltr'><strong><em>rie</em></strong></span> <span class='ocrx_word' id='word_1_295' title='bbox 906 2997 1002 3052; x_wconf 76' lang='lat' dir='ltr'><strong><em>britton</em></strong></span> <span class='ocrx_word' id='word_1_296' title='bbox 1021 2997 1083 3052; x_wconf 89' lang='lat' dir='ltr'><strong><em>wol</em></strong></span> <span class='ocrx_word' id='word_1_297' title='bbox 1098 2997 1155 3052; x_wconf 85' lang='lat' dir='ltr'><strong><em>den</em></strong></span> <span class='ocrx_word' id='word_1_298' title='bbox 1170 3000 1257 3052; x_wconf 84' lang='lat' dir='ltr'><strong><em>Bittert</em></strong></span> 
     </span>
     <span class='ocr_line' id='line_1_33' title="bbox 281 3079 1256 3158; baseline 0 -24"><span class='ocrx_word' id='word_1_299' title='bbox 281 3079 352 3136; x_wconf 80' lang='lat' dir='ltr'><strong><em>oder</em></strong></span> <span class='ocrx_word' id='word_1_300' title='bbox 378 3083 549 3158; x_wconf 80' lang='lat' dir='ltr'><strong><em>Droburrgcn</em></strong></span> <span class='ocrx_word' id='word_1_301' title='bbox 562 3086 612 3142; x_wconf 80' lang='lat' dir='ltr'><strong><em>der</em></strong></span> <span class='ocrx_word' id='word_1_302' title='bbox 625 3089 661 3140; x_wconf 82' lang='lat' dir='ltr'><strong><em>A.</em></strong></span> <span class='ocrx_word' id='word_1_303' title='bbox 674 3080 891 3158; x_wconf 78' lang='lat' dir='ltr'><strong><em>gewillfabrtet.</em></strong></span> <span class='ocrx_word' id='word_1_304' title='bbox 924 3083 993 3136; x_wconf 89' lang='lat' dir='ltr'><strong><em>Plin.</em></strong></span> <span class='ocrx_word' id='word_1_305' title='bbox 1013 3082 1084 3135; x_wconf 84' lang='lat' dir='ltr'><strong><em>Hist.</em></strong></span> <span class='ocrx_word' id='word_1_306' title='bbox 1103 3101 1132 3134; x_wconf 90' lang='lat' dir='ltr'><strong><em>n.</em></strong></span> <span class='ocrx_word' id='word_1_307' title='bbox 1150 3081 1178 3148; x_wconf 85' lang='lat'><strong><em>7,</em></strong></span> <span class='ocrx_word' id='word_1_308' title='bbox 1196 3080 1256 3148; x_wconf 88' lang='lat'><strong><em>1,1.</em></strong></span> 
     </span>
     <span class='ocr_line' id='line_1_34' title="bbox 283 3163 1257 3245; baseline 0.002 -24"><span class='ocrx_word' id='word_1_309' title='bbox 283 3179 431 3235; x_wconf 71' lang='lat' dir='ltr'><strong><em>torrentum</em></strong></span> <span class='ocrx_word' id='word_1_310' title='bbox 448 3189 517 3225; x_wconf 86' lang='lat' dir='ltr'><strong><em>nuno</em></strong></span> <span class='ocrx_word' id='word_1_311' title='bbox 534 3172 644 3242; x_wconf 79' lang='lat' dir='ltr'><strong><em>legitur:</em></strong></span> <span class='ocrx_word' id='word_1_312' title='bbox 662 3187 763 3245; x_wconf 82' lang='lat' dir='ltr'><strong><em>parens</em></strong></span> <span class='ocrx_word' id='word_1_313' title='bbox 780 3167 878 3224; x_wconf 86' lang='lat' dir='ltr'><strong><em>melior</em></strong></span> <span class='ocrx_word' id='word_1_314' title='bbox 894 3163 1016 3232; x_wconf 69' lang='lat' dir='ltr'><strong><em>homini,</em></strong></span> <span class='ocrx_word' id='word_1_315' title='bbox 1033 3187 1072 3221; x_wconf 83' lang='lat' dir='ltr'><strong><em>arr</em></strong></span> <span class='ocrx_word' id='word_1_316' title='bbox 1092 3168 1206 3225; x_wconf 78' lang='lat' dir='ltr'><strong><em>tristior</em></strong></span> <span class='ocrx_word' id='word_1_317' title='bbox 1216 3183 1257 3223; x_wconf 86' lang='lat' dir='ltr'><strong><em>no·</em></strong></span> 
     </span>
     <span class='ocr_line' id='line_1_35' title="bbox 206 3248 485 3329; baseline 0.007 -22"><span class='ocrx_word' id='word_1_318' title='bbox 206 3320 209 3329; x_wconf 38' lang='grc'><strong>,</strong></span> <span class='ocrx_word' id='word_1_319' title='bbox 279 3269 361 3307; x_wconf 82' lang='lat' dir='ltr'><strong><em>verca</em></strong></span> <span class='ocrx_word' id='word_1_320' title='bbox 380 3248 485 3324; x_wconf 73' lang='lat' dir='ltr'><strong><em>fuerit.</em></strong></span> 
     </span>
    </p>
   </div>
   <div class='ocr_carea' id='block_1_3' title="bbox 200 3352 1261 4201">
    <p class='ocr_par' dir='ltr' id='par_1_3' title="bbox 316 3352 1256 3426">
     <span class='ocr_line' id='line_1_36' title="bbox 316 3352 1256 3426; baseline 0.004 -20"><span class='ocrx_word' id='word_1_321' title='bbox 316 3354 400 3407; x_wconf 81' lang='lat' dir='ltr'><strong><em>Pleut.</em></strong></span> <span class='ocrx_word' id='word_1_322' title='bbox 425 3357 502 3407; x_wconf 87' lang='lat' dir='ltr'><strong><em>Gurc.</em></strong></span> <span class='ocrx_word' id='word_1_323' title='bbox 527 3355 557 3420; x_wconf 90' lang='lat'><strong><em>1,</em></strong></span> <span class='ocrx_word' id='word_1_324' title='bbox 575 3354 607 3418; x_wconf 92' lang='lat'><strong><em>1,</em></strong></span> <span class='ocrx_word' id='word_1_325' title='bbox 625 3353 669 3407; x_wconf 87' lang='lat'><strong><em>90.</em></strong></span> <span class='ocrx_word' id='word_1_326' title='bbox 686 3352 810 3409; x_wconf 73' lang='lat' dir='ltr'><strong><em>coitione</em></strong></span> <span class='ocrx_word' id='word_1_327' title='bbox 833 3352 942 3419; x_wconf 85' lang='lat' dir='ltr'><strong><em>olivas,</em></strong></span> <span class='ocrx_word' id='word_1_328' title='bbox 968 3361 1020 3407; x_wconf 85' lang='lat' dir='ltr'><strong><em>aut</em></strong></span> <span class='ocrx_word' id='word_1_329' title='bbox 1036 3353 1256 3426; x_wconf 75' lang='lat' dir='ltr'><strong><em>pulpamentum,</em></strong></span> 
     </span>
    </p>

    <p class='ocr_par' dir='ltr' id='par_1_4' title="bbox 200 3439 1258 3749">
     <span class='ocr_line' id='line_1_37' title="bbox 200 3439 1257 3515; baseline -0.004 -21"><span class='ocrx_word' id='word_1_330' title='bbox 200 3466 217 3511; x_wconf 57' lang='grc' dir='ltr'>χ</span> <span class='ocrx_word' id='word_1_331' title='bbox 280 3449 332 3494; x_wconf 86' lang='lat' dir='ltr'><strong><em>aut</em></strong></span> <span class='ocrx_word' id='word_1_332' title='bbox 359 3440 527 3511; x_wconf 79' lang='lat' dir='ltr'><strong><em>capparim?</em></strong></span> <span class='ocrx_word' id='word_1_333' title='bbox 548 3441 700 3512; x_wconf 37' lang='lat' dir='ltr'><strong><em>Car.‚Prol.</em></strong></span> <span class='ocrx_word' id='word_1_334' title='bbox 727 3441 770 3497; x_wconf 84' lang='lat'><strong><em>69.</em></strong></span> <span class='ocrx_word' id='word_1_335' title='bbox 794 3444 901 3496; x_wconf 78' lang='lat' dir='ltr'><strong><em>terrine</em></strong></span> <span class='ocrx_word' id='word_1_336' title='bbox 919 3456 1039 3515; x_wconf 78' lang='lat' dir='ltr'><strong><em>¹uxorem</em></strong></span> <span class='ocrx_word' id='word_1_337' title='bbox 1064 3439 1186 3506; x_wconf 80' lang='lat' dir='ltr'><strong><em>ducent,</em></strong></span> <span class='ocrx_word' id='word_1_338' title='bbox 1212 3445 1257 3492; x_wconf 77' lang='lat' dir='ltr'><strong><em>aet</em></strong></span> 
     </span>
     <span class='ocr_line' id='line_1_38' title="bbox 279 3521 1258 3595; baseline -0.002 -19"><span class='ocrx_word' id='word_1_339' title='bbox 279 3535 399 3595; x_wconf 78' lang='lat' dir='ltr'><strong><em>poscent</em></strong></span> <span class='ocrx_word' id='word_1_340' title='bbox 421 3522 497 3580; x_wconf 84' lang='lat' dir='ltr'><strong><em>sibi?</em></strong></span> <span class='ocrx_word' id='word_1_341' title='bbox 525 3523 652 3593; x_wconf 62' lang='lat' dir='ltr'><strong><em>Meet,</em></strong></span> <span class='ocrx_word' id='word_1_342' title='bbox 681 3525 721 3591; x_wconf 80' lang='grc'><strong>2,·</strong></span> <span class='ocrx_word' id='word_1_343' title='bbox 739 3523 782 3577; x_wconf 88' lang='grc'><strong><em>56.</em></strong></span> <span class='ocrx_word' id='word_1_344' title='bbox 800 3545 866 3580; x_wconf 84' lang='lat' dir='ltr'><strong><em>rrum</em></strong></span> <span class='ocrx_word' id='word_1_345' title='bbox 884 3522 1005 3578; x_wconf 84' lang='lat' dir='ltr'><strong><em>ancillae</em></strong></span> <span class='ocrx_word' id='word_1_346' title='bbox 1028 3535 1081 3579; x_wconf 79' lang='lat' dir='ltr'><strong><em>aut</em></strong></span> <span class='ocrx_word' id='word_1_347' title='bbox 1104 3528 1182 3580; x_wconf 84' lang='lat' dir='ltr'><strong><em>eeroi</em></strong></span> <span class='ocrx_word' id='word_1_348' title='bbox 1213 3521 1258 3578; x_wconf 93' lang='lat' dir='ltr'><strong><em>tibi</em></strong></span> 
     </span>
     <span class='ocr_line' id='line_1_39' title="bbox 280 3604 1258 3677; baseline -0.001 -16"><span class='ocrx_word' id='word_1_349' title='bbox 280 3610 470 3677; x_wconf 76' lang='lat' dir='ltr'><strong><em>responsant?</em></strong></span> <span class='ocrx_word' id='word_1_350' title='bbox 493 3610 580 3661; x_wconf 81' lang='lat' dir='ltr'><strong><em>Varro</em></strong></span> <span class='ocrx_word' id='word_1_351' title='bbox 597 3609 630 3661; x_wconf 87' lang='lat' dir='ltr'><strong><em>de</em></strong></span> <span class='ocrx_word' id='word_1_352' title='bbox 648 3613 689 3662; x_wconf 87' lang='lat' dir='ltr'><strong><em>Re</em></strong></span> <span class='ocrx_word' id='word_1_353' title='bbox 706 3628 728 3661; x_wconf 91' lang='lat' dir='ltr'><strong><em>r.</em></strong></span> <span class='ocrx_word' id='word_1_354' title='bbox 747 3607 783 3674; x_wconf 79' lang='lat'><strong><em>3,</em></strong></span> <span class='ocrx_word' id='word_1_355' title='bbox 801 3611 834 3677; x_wconf 77' lang='lat'><strong><em>2,</em></strong></span> <span class='ocrx_word' id='word_1_356' title='bbox 854 3607 898 3665; x_wconf 83' lang='lat'><strong><em>14.</em></strong></span> <span class='ocrx_word' id='word_1_357' title='bbox 918 3604 1038 3662; x_wconf 82' lang='lat' dir='ltr'><strong><em>nuncubi</em></strong></span> <span class='ocrx_word' id='word_1_358' title='bbox 1062 3608 1108 3663; x_wconf 83' lang='lat' dir='ltr'><strong><em>bic</em></strong></span> <span class='ocrx_word' id='word_1_359' title='bbox 1127 3608 1210 3664; x_wconf 82' lang='lat' dir='ltr'><strong><em>vider</em></strong></span> <span class='ocrx_word' id='word_1_360' title='bbox 1226 3607 1258 3660; x_wconf 90' lang='lat' dir='ltr'><strong><em>ci·</em></strong></span> 
     </span>
     <span class='ocr_line' id='line_1_40' title="bbox 279 3692 1258 3749; baseline -0.001 -3"><span class='ocrx_word' id='word_1_361' title='bbox 279 3704 355 3746; x_wconf 85' lang='lat' dir='ltr'><strong><em>tram</em></strong></span> <span class='ocrx_word' id='word_1_362' title='bbox 372 3703 423 3747; x_wconf 77' lang='lat' dir='ltr'><strong><em>oet</em></strong></span> <span class='ocrx_word' id='word_1_363' title='bbox 436 3695 558 3746; x_wconf 75' lang='lat' dir='ltr'><strong><em>aurum?</em></strong></span> <span class='ocrx_word' id='word_1_364' title='bbox 579 3713 645 3746; x_wconf 83' lang='lat' dir='ltr'><strong><em>num</em></strong></span> <span class='ocrx_word' id='word_1_365' title='bbox 665 3697 780 3749; x_wconf 85' lang='lat' dir='ltr'><strong><em>minium</em></strong></span> <span class='ocrx_word' id='word_1_366' title='bbox 798 3704 848 3747; x_wconf 90' lang='lat' dir='ltr'><strong><em>aut</em></strong></span> <span class='ocrx_word' id='word_1_367' title='bbox 866 3692 1043 3749; x_wconf 76' lang='lat' dir='ltr'><strong><em>armenium?</em></strong></span> <span class='ocrx_word' id='word_1_368' title='bbox 1059 3695 1091 3744; x_wconf 76' lang='lat'><strong><em>111</em></strong></span> <span class='ocrx_word' id='word_1_369' title='bbox 1111 3693 1156 3745; x_wconf 82' lang='lat' dir='ltr'><strong><em>hir</em></strong></span> <span class='ocrx_word' id='word_1_370' title='bbox 1175 3692 1258 3747; x_wconf 89' lang='lat' dir='ltr'><strong><em>omni·</em></strong></span> 
     </span>
    </p>

    <p class='ocr_par' dir='ltr' id='par_1_5' title="bbox 280 3776 1261 4201">
     <span class='ocr_line' id='line_1_41' title="bbox 280 3776 1257 3847; baseline 0.001 -17"><span class='ocrx_word' id='word_1_371' title='bbox 280 3778 329 3830; x_wconf 83' lang='lat' dir='ltr'><strong><em>bur</em></strong></span> <span class='ocrx_word' id='word_1_372' title='bbox 345 3795 399 3831; x_wconf 91' lang='lat' dir='ltr'><strong><em>non</em></strong></span> <span class='ocrx_word' id='word_1_373' title='bbox 421 3788 463 3832; x_wconf 82' lang='lat' dir='ltr'><strong><em>eet</em></strong></span> <span class='ocrx_word' id='word_1_374' title='bbox 485 3778 659 3847; x_wconf 82' lang='lat' dir='ltr'><strong><em>interrogatio</em></strong></span> <span class='ocrx_word' id='word_1_375' title='bbox 687 3779 854 3846; x_wconf 80' lang='lat' dir='ltr'><strong><em>bimembris,</em></strong></span> <span class='ocrx_word' id='word_1_376' title='bbox 879 3778 925 3831; x_wconf 81' lang='lat' dir='ltr'><strong><em>red</em></strong></span> <span class='ocrx_word' id='word_1_377' title='bbox 951 3779 998 3831; x_wconf 87' lang='lat' dir='ltr'><strong><em>uni</em></strong></span> <span class='ocrx_word' id='word_1_378' title='bbox 1023 3776 1127 3837; x_wconf 86' lang='lat' dir='ltr'><strong><em>nomini</em></strong></span> <span class='ocrx_word' id='word_1_379' title='bbox 1151 3777 1257 3831; x_wconf 75' lang='lat' dir='ltr'><strong><em>alterno</em></strong></span> 
     </span>
     <span class='ocr_line' id='line_1_42' title="bbox 280 3856 1258 3932; baseline 0.001 -19"><span class='ocrx_word' id='word_1_380' title='bbox 280 3862 454 3915; x_wconf 69' lang='lat' dir='ltr'><strong><em>substituitur.</em></strong></span> <span class='ocrx_word' id='word_1_381' title='bbox 487 3865 581 3932; x_wconf 84' lang='lat' dir='ltr'><strong><em>Neque</em></strong></span> <span class='ocrx_word' id='word_1_382' title='bbox 607 3865 685 3919; x_wconf 75' lang='lat' dir='ltr'><strong><em>aliter</em></strong></span> <span class='ocrx_word' id='word_1_383' title='bbox 701 3868 773 3920; x_wconf 86' lang='lat' dir='ltr'><strong><em>Men.</em></strong></span> <span class='ocrx_word' id='word_1_384' title='bbox 798 3862 831 3928; x_wconf 84' lang='lat'><strong><em>5,</em></strong></span> <span class='ocrx_word' id='word_1_385' title='bbox 849 3859 926 3927; x_wconf 82' lang='lat'><strong><em>4,1.</em></strong></span> <span class='ocrx_word' id='word_1_386' title='bbox 951 3881 1050 3928; x_wconf 73' lang='lat' dir='ltr'><strong><em>rearra,</em></strong></span> <span class='ocrx_word' id='word_1_387' title='bbox 1071 3856 1178 3926; x_wconf 62' lang='lat' dir='ltr'><strong><em>senen,</em></strong></span> <span class='ocrx_word' id='word_1_388' title='bbox 1196 3856 1258 3915; x_wconf 56' lang='grc' dir='ltr'><strong><em>πάι</em></strong></span> 
     </span>
     <span class='ocr_line' id='line_1_43' title="bbox 280 3936 1259 4021; baseline -0.001 -21"><span class='ocrx_word' id='word_1_389' title='bbox 280 3936 408 4001; x_wconf 76' lang='lat' dir='ltr'><strong><em>laruatus</em></strong></span> <span class='ocrx_word' id='word_1_390' title='bbox 431 3958 481 4003; x_wconf 89' lang='lat' dir='ltr'><strong><em>aut</em></strong></span> <span class='ocrx_word' id='word_1_391' title='bbox 504 3952 642 4019; x_wconf 69' lang='lat' dir='ltr'><strong><em>territuri</em></strong></span> <span class='ocrx_word' id='word_1_392' title='bbox 660 3946 717 4021; x_wconf 77' lang='lat' dir='ltr'><strong><em>fac</em></strong></span> <span class='ocrx_word' id='word_1_393' title='bbox 744 3953 848 4004; x_wconf 76' lang='lat' dir='ltr'><strong><em>sciam:</em></strong></span> <span class='ocrx_word' id='word_1_394' title='bbox 874 3966 941 4001; x_wconf 82' lang='lat' dir='ltr'><strong><em>num</em></strong></span> <span class='ocrx_word' id='word_1_395' title='bbox 966 3936 1036 4015; x_wconf 35' lang='lat' dir='ltr'><strong><em>eum·</em></strong></span> <span class='ocrx_word' id='word_1_396' title='bbox 1051 3956 1186 4002; x_wconf 83' lang='lat' dir='ltr'><strong><em>veternus</em></strong></span> <span class='ocrx_word' id='word_1_397' title='bbox 1211 3954 1259 4002; x_wconf 86' lang='lat' dir='ltr'><strong><em>eut</em></strong></span> 
     </span>
     <span class='ocr_line' id='line_1_44' title="bbox 280 4031 1260 4104; baseline -0.002 -19"><span class='ocrx_word' id='word_1_398' title='bbox 280 4051 355 4104; x_wconf 80' lang='lat' dir='ltr'><strong><em>aqua</em></strong></span> <span class='ocrx_word' id='word_1_399' title='bbox 375 4036 493 4088; x_wconf 79' lang='lat' dir='ltr'><strong><em>intercus</em></strong></span> <span class='ocrx_word' id='word_1_400' title='bbox 515 4034 615 4089; x_wconf 75' lang='lat' dir='ltr'><strong><em>teneti</em></strong></span> <span class='ocrx_word' id='word_1_401' title='bbox 639 4036 705 4091; x_wconf 82' lang='lat' dir='ltr'><strong><em>duae</em></strong></span> <span class='ocrx_word' id='word_1_402' title='bbox 722 4032 942 4101; x_wconf 72' lang='lat' dir='ltr'><strong><em>interrogationes</em></strong></span> <span class='ocrx_word' id='word_1_403' title='bbox 964 4031 1172 4101; x_wconf 81' lang='lat' dir='ltr'><strong><em>coniunguntur.</em></strong></span> <span class='ocrx_word' id='word_1_404' title='bbox 1219 4031 1260 4084; x_wconf 74' lang='lat' dir='ltr'><strong><em>tio</em></strong></span> 
     </span>
     <span class='ocr_line' id='line_1_45' title="bbox 280 4115 1261 4201; baseline -0.001 -28"><span class='ocrx_word' id='word_1_405' title='bbox 280 4118 361 4173; x_wconf 83' lang='lat' dir='ltr'><strong><em>etiam</em></strong></span> <span class='ocrx_word' id='word_1_406' title='bbox 378 4120 472 4178; x_wconf 77' lang='lat' dir='ltr'><strong><em>Pocud.</em></strong></span> <span class='ocrx_word' id='word_1_407' title='bbox 492 4120 527 4189; x_wconf 90' lang='lat'><strong><em>1,</em></strong></span> <span class='ocrx_word' id='word_1_408' title='bbox 545 4120 580 4189; x_wconf 88' lang='lat'><strong><em>1,</em></strong></span> <span class='ocrx_word' id='word_1_409' title='bbox 597 4116 640 4175; x_wconf 83' lang='grc'><strong><em>88.</em></strong></span> <span class='ocrx_word' id='word_1_410' title='bbox 657 4137 722 4201; x_wconf 82' lang='lat' dir='ltr'><strong><em>nunc</em></strong></span> <span class='ocrx_word' id='word_1_411' title='bbox 741 4122 888 4195; x_wconf 80' lang='lat' dir='ltr'><strong><em>quoipiam</em></strong></span> <span class='ocrx_word' id='word_1_412' title='bbox 907 4122 950 4176; x_wconf 80' lang='lat' dir='ltr'><strong><em>eit</em></strong></span> <span class='ocrx_word' id='word_1_413' title='bbox 972 4115 1125 4201; x_wconf 17' lang='lat' dir='ltr'><strong><em>bodievtaa</em></strong></span> <span class='ocrx_word' id='word_1_414' title='bbox 1149 4131 1261 4181; x_wconf 83' lang='lat' dir='ltr'><strong><em>tuorum</em></strong></span> 
     </span>
    </p>
   </div>
   <div class='ocr_carea' id='block_1_4' title="bbox 0 0 1323 4770">
    <p class='ocr_par' dir='ltr' id='par_1_6' title="bbox 0 0 1323 4770">
     <span class='ocr_line' id='line_1_46' title="bbox 0 0 1323 4770; baseline 0 0"><span class='ocrx_word' id='word_1_415' title='bbox 0 0 1323 4770; x_wconf 95' lang='lat' dir='ltr'><strong><em> </em></strong></span> 
     </span>
    </p>
   </div>
  </div>
 </body>
</html>
