2618 4770
103 272 168 345 131
252 364 256 371 ,
490 272 655 355 trove.
700 272 766 353 13.

36 468 39 477 ·
110 436 171 509 16,
193 432 225 495 4.
247 425 487 516 superantibus
511 426 592 492 aliis
617 451 660 492 uc
680 425 934 513 emergentibus
956 427 1078 492 mulis.
1111 427 1162 492 ubi

68 564 72 579 .
109 514 378 587 Drakenborchii
395 538 436 578 33
447 512 677 599 mergentibus
693 513 796 576 mulis
812 514 867 578 vix
882 513 1021 600 probari
1037 524 1163 600 potest:

155 601 267 667 uidem
284 600 435 688 suspicor
457 599 649 664 adverbium
672 599 806 683 aliquod
833 622 902 663 esse
925 599 1090 687 elapsum.
1117 602 1163 679 41,

110 697 133 757 2
163 737 173 767 ,
198 692 249 752 18.
271 698 441 772 suspectos
461 685 549 749 ulios
568 708 612 749 33
627 685 758 747 invisos
776 678 956 771 efficimus.
981 684 1036 748 ubi
1056 707 1164 766 corre-

111 784 233 841 xerunt
250 784 283 837 et
300 772 436 836 inuisos.
469 774 529 849 42,
554 776 613 851 12,
638 776 668 834 3.
701 791 852 833 sororem
865 770 1002 838 dedisse
1020 770 1165 834 Prusiae

136 859 270 926 recenti
287 881 329 922 33
344 848 474 921 eruriti.
496 856 581 921 Dial.
600 856 640 921 de
655 865 739 919 orat.
757 861 795 934 4,
815 861 844 919 1.
869 880 911 920 33
928 854 1089 921 31311133.
1116 856 1165 920 ubi

105 882 283 1013 brnestius
300 943 454 1008 correxit.
479 942 539 1021 40,
563 949 594 1008 3.
617 964 659 1005 33
681 942 783 1005 rullius
798 942 963 1007 revocavit
979 941 1164 1016 Bekkerus‚

7 1068 9 1073 ·
138 1053 217 1094 11313
241 1030 372 1092 3311113
397 1028 562 1092 Vaticanis
582 1028 703 1112 legitur
730 1039 803 1093 unt.
828 1034 888 1102 39,
913 1034 945 1092 3.
966 1048 1055 1092 rinus
1081 1028 1166 1092 inter

89 1156 91 1161 ·
114 1055 200 1182 baec
215 1054 344 1179 blicentu'
359 1138 401 1177 ac
417 1113 507 1177 ulter
526 1112 677 1178 adsistit.
700 1114 740 1177 de
756 1135 821 1198 quo
838 1113 913 1177 loco
932 1112 998 1177 vid.
1023 1113 1167 1177 8311311-

76 1262 78 1273 ,
113 1199 307 1267 11313311.’111
334 1200 422 1263 Actis
454 1199 553 1264 litter.
584 1221 618 1286 p.
641 1204 713 1264 191.
742 1199 825 1262 Ρ113.
846 1199 909 1286 Ep.
934 1201 970 1279 5,
995 1203 1032 1278 6,
1056 1203 1109 1262 19.
1129 1221 1167 1262 33

32 1302 35 1307 ’
115 1285 310 1352 adiacentis
330 1284 560 1371 hippodromi.
596 1284 686 1375 quod
716 1285 847 1359 Curtius
873 1284 1062 1348 emendavit
1086 1285 1167 1347 buc:

115 1371 191 1437 cod.
208 1373 304 1456 Preg.
320 1371 393 1437 1133.
416 1371 498 1435 Ρ113.
514 1371 597 1434 Η131.
613 1393 646 1433 3.
666 1374 724 1447 16,
746 1373 807 1448 43,
829 1375 883 1436 83.
904 1393 945 1434 33
960 1371 999 1433 in
1015 1369 1089 1443 aliu
1101 1393 1164 1455 ge-

115 1477 206 1522 nere.
242 1458 435 1542 Dalecamp.
461 1468 532 1520 aut.
574 1457 670 1521 Silius
697 1459 736 1534 8,
767 1461 826 1535 10,
857 1458 931 1521 547.
964 1456 996 1520 si
1010 1452 1093 1542 fors
1119 1455 1167 1518 itu

50 1603 55 1615 ,
116 1541 240 1607 Martis
263 1542 374 1628 iniqui
397 1565 476 1605 mox
496 1539 599 1630 ferat
623 1565 665 1605 uc
687 1541 772 1626 ipsis
794 1542 937 1605 inimica
953 1543 1033 1605 sede
1049 1541 1168 1603 iucen-

8 1622 10 1631 1
65 1640 68 1645 ’
118 1628 221 1692 dium.-
240 1628 301 1697 3311
320 1627 478 1691 editiones
497 1638 557 1691 131.
576 1639 642 1691 ust.
672 1627 831 1710 Quinctil.
851 1627 932 1691 1331.
953 1631 1096 1708 12,,10,
1118 1626 1168 1689 77.

115 1713 296 1778 solicitudo
312 1714 526 1800 persequitur
549 1737 591 1776 33
614 1723 787 1777 oratorem
811 1723 977 1777 macerat.
1011 1710 1069 1775 ubi
1095 1732 1169 1774 cor-

118 1798 284 1888 ruptelam
298 1798 421 1862 indicat
437 1799 572 1863 varietas
584 1799 744 1873 lectionis,
765 1799 805 1860 dc
821 1822 884 1885 qua
901 1797 1167 1862 vid.Buttmann.

116 1885 244 1950 florus.
260 1891 300 1963 2,
326 1889 384 1966 10,
406 1890 438 1948 2.
463 1908 504 1948 33
521 1883 727 1962 1111116331133
739 1885 916 1972 plerosque
930 1907 972 1948 nc
986 1881 1045 1946 ubi
1062 1893 1169 1946 essent

71 1968 89 2035 ’.’
110 1993 201 2058 prue
220 1969 355 2057 poculis
380 1973 574 2034 nescientes.
613 1970 695 2035 Cod.
721 1969 837 2033 lustin.
866 1976 903 2051 1,
935 1975 973 2047 2,
998 1973 1049 2039 16.
1075 1967 1170 2031 unti-

92 2109 94 2113 .
137 2057 228 2121 uatis
245 2050 673 2143 ucinfirmntisfiinditus.
716 2056 768 2120 Ac
785 2054 1076 2142 etiumlegiturfin
1088 2053 1170 2116 Plin.

116 2081 180 2228 ltp.
198 2147 256 2217 10,
280 2143 332 2205 46.
359 2152 395 2203 111
412 2143 492 2204 31131
516 2142 551 2204 13
566 2143 662 2205 Varr.
682 2140 722 2205 de
736 2138 796 2204 ‘Re
818 2165 845 2205 r.
872 2147 910 2214 1,
929 2141 1040 2204 47.13
1068 2139 1170 2202 Colu-

118 2228 197 2291 mel.
214 2231 253 2309 9,
279 2232 337 2308 12,
358 2226 389 2290 4.
418 2227 450 2288 13
470 2227 605 2289 Sueten.
621 2227 681 2291 Iul.
699 2232 752 2291 26.
773 2228 856 2312 Aug.
877 2231 927 2290 19.
948 2225 1034 2289 male
1051 2223 1170 2289 defen-

42 2377 44 2381 ,
118 2335 194 2375 sum
217 2335 235 2375 3
259 2312 373 2374 Curtio
389 2312 429 2374 ad
445 2311 527 2376 Plin.
549 2313 611 2396 Ep.
628 2316 665 2392 5,
687 2317 718 2376 6.
740 2313 791 2376 Ac
810 2314 864 2379 itu
887 2313 922 2376 in
946 2310 1088 2397 epistola
1110 2312 1169 2374 Cn.

119 2399 237 2483 Pomp.
262 2396 375 2482 Magni
401 2397 508 2460 addita
533 2399 629 2485 epist.
654 2398 721 2461 Cic.
754 2397 794 2460 ad
822 2400 889 2462 Att.
913 2400 949 2473 8,
976 2403 1027 2461 12.
1051 2419 1095 2459 33
1120 2397 1170 2466 itu

125 2482 222 2547 uideo
249 2482 379 2547 censeri
400 2483 575 2547 1113133113.
610 2494 646 2546 ut
674 2483 927 2562 edidit-Rosius,
962 2483 1019 2546 sed
1045 2481 1169 2546 codices

119 2578 318 2652 corruptum
348 2567 470 2632 habent
496 2569 585 2632 31113
616 2569 667 2633 131
700 2570 817 2633 etium.
868 2568 995 2655 Apulei.
1029 2569 1112 2639 Met.
1138 2573 1167 2631 2.

118 2677 154 2740 p.
173 2657 253 2732 118,
277 2658 331 2718 29.
355 2677 397 2717 33
414 2656 451 2718 in
468 2656 683 2718 contrarium
697 2655 867 2742 gratiam.
893 2677 935 2716 nc
951 2651 1170 2717 Ruhnkenius

122 2739 254 2823 quidem
283 2740 447 2819 correxit,
469 2740 685 2828 Oudendorp.
712 2753 821 2804 autem
842 2762 944 2825 quum
967 2739 1002 2803 in
1030 2740 1169 2824 antiquis

120 2824 211 2888 libris
235 2825 411 2889 invenisset
427 2837 485 2904 ut,
503 2826 641 2889 coniecit
665 2837 776 2923 utpute.
821 2825 869 2889 Ab
886 2825 946 2888 hac
972 2847 1050 2888 veru
1078 2848 1169 2887 corn-

119 2912 213 2974 muni
232 2912 464 2974 consuetudine
489 2923 636 2975 auctores
659 2911 826 2974 latinitatis
849 2912 1024 2997 prolapsae
1047 2909 1170 2973 abhor-

120 2997 235 3074 ruisse,
252 2997 317 3059 iam
339 2996 590 3059 Drakenborch.
606 2997 645 3059 ad
665 2998 735 3061 Liv.
761 3003 817 3076 10,
840 3002 893 3061 36.
919 3007 949 3058 31
974 2997 1172 3059 Oudendor-

122 3084 196 3164 pius
215 3092 410 3145 notaverunt
428 3083 467 3145 ad
485 3084 620 3146 Sueten.
640 3085 729 3146 Caes.
746 3088 797 3146 26.
819 3082 910 3146 Coel.
929 3083 1030 3145 Curio
1051 3083 1086 3143 in
1105 3083 1183 3146 Cic.

96 3192 98 3199 ·
121 3166 264 3253 Philipp.
288 3173 345 3245 11,
369 3173 400 3230 3.
427 3193 492 3247 „uc
519 3166 555 3231 in
578 3169 648 3230 eius
670 3170 826 3253 corpore]
863 3168 952 3232 illam
977 3167 1172 3254 particulam

121 3275 249 3316 acuon
266 3254 509 3337 praeposuisset
530 3253 651 3330 vocali,
679 3254 705 3316 si
722 3255 899 3339 periodum
923 3263 954 3315 et
979 3255 1172 3317 conversio-

122 3360 200 3403 uem
218 3338 409 3423 incepisset:
436 3339 469 3400 in
490 3340 560 3424 ipsa
579 3331 874 3425 comprehensione
890 3338 1059 3402 interdum
1077 3339 1171 3414 33131,

121 3424 156 3486 in
170 3423 334 3509 principio
354 3446 485 3506 semper
506 3426 655 3509 sequitur
674 3448 878 3497 consonans,
903 3436 940 3489 ut
957 3425 1061 3510 paulo
1079 3434 1170 3488 ante:

56 3567 57 3570 ,
122 3510 174 3571 Ac
189 3507 385 3572 Dolabella.
428 3510 561 3571 Possem
574 3522 727 3575 sexcenta
749 3511 899 3598 exempla
917 3510 1087 3597 proferre,
1111 3509 1172 3572 nisi

121 3602 276 3679 putarem
292 3593 552 3680 posseinvenire‚
571 3597 626 3681 qui
636 3596 759 3661 volent.
782 3596 909 3682 legatur
922 3596 1026 3658 modo
1045 3617 1171 3681 prooe-

122 3679 226 3741 mium
245 3680 344 3765 primi
362 3679 437 3742 libri
462 3679 501 3742 dc
519 3681 696 3764 Oratore.“
725 3683 824 3745 Cuius
851 3682 1028 3745 sententiae
1058 3681 1170 3744 termi-

120 3787 184 3826 nos
205 3765 270 3827 iam
287 3764 483 3829 Garatonius
501 3767 622 3829 reiecit.
668 3767 730 3829 Sed
749 3769 833 3830 inter
858 3790 914 3831 333
938 3767 1091 3843 31111333,
1115 3765 1167 3849 qui

121 3849 239 3913 vitiosa
255 3851 439 3914 mutatione
458 3851 625 3935 antiquam
643 3852 704 3914 scri
730 3862 839 3915 turam
858 3853 1028 3918 meliorem
1049 3851 1168 3914 exstir-

123 3946 258 4020 parent,
281 3935 476 3999 nominandi
493 3947 569 3999 sunt
595 3937 666 4035 ipse
716 3937 901 4020 .Heiusius,
924 3938 979 4024 qui
1002 3938 1037 4000 in
1054 3938 1124 4001 Liv.
1140 3940 1171 4014 1,

124 4020 183 4096 14,
204 4026 235 4084 7.
262 4021 403 4085 33313311
425 4045 466 4084 33
483 4021 642 4086 obscuris.
668 4033 699 4086 et
716 4023 876 4098 Davisius,
900 4025 955 4120 qui
972 4024 1007 4085 in
1023 4023 1117 4086 Caes.
1133 4021 1173 4084 B.

123 4104 327 4190 (131.2,“19.
343 4118 507 4195 porrecta
522 4121 705 4197 conperta
722 4108 809 4193 1333,
826 4110 861 4175 13
878 4111 946 4176 Cic.
966 4109 1006 4174 de
1019 4108 1097 4174 Nat.
1121 4107 1172 4172 dc.
