2618 4770
462 338 467 347 ’
529 333 701 402 ‘sonos
869 298 871 305 ’
1033 272 1109 405 x141
1189 411 1197 449 ,ι
1293 344 1296 355 ’

12 490 23 547 ἑ
124 484 312 559 temerandae
329 486 466 546 uirtutum
480 488 575 545 sterile
588 485 738 550 saeculum.
764 497 797 541 ut
811 505 870 542 non
884 499 914 544 et
932 486 1006 543 bona
1021 508 1112 547 exem.

122 581 181 652 plo
201 576 369 652 prodiderit,
397 581 504 629 Sueton.
522 577 585 627 Oth.
597 575 624 627 9.
644 595 680 627 ne
699 576 783 627 uictis
799 574 910 644 quidem
934 575 1006 631 adeo
1031 573 1113 648 affli.

12 668 22 725 ‚³
122 670 196 730 etis,
225 673 257 716 nt
284 665 388 716 nonin
407 661 543 716 ultionem
569 663 742 739 ignominias
759 658 872 730 quidvis
887 659 1053 717 discriminis
1070 663 1114 717 ui·
1220 706 1225 715 .

12 786 20 819 ·.
124 762 193 815 tro,
217 758 246 802 et
266 745 313 800 uel
330 746 410 802 solae
426 746 559 805 subirent.
591 749 665 809 Quae
681 760 733 812 quo
750 742 876 795 different
888 745 921 795 ab
936 746 986 810 iis,
1007 747 1035 800 in
1048 752 1111 817 qui-

124 838 178 888 bus
192 833 265 888 adeo
282 832 388 885 additur
401 831 546 901 negationi,
561 841 654 900 postea
667 828 819 882 videbimus.
838 830 869 881 In
885 831 1112 886 ciceroneexem·

123 922 200 993 plum
213 916 362 986 negationis
378 916 615 987 frustumquaesivi.

145 1026 269 1093 Omiui
285 1032 400 1114 potest
422 1027 455 1091 in
471 1026 624 1093 oratione
637 1025 691 1101 iu,
722 1024 813 1111 qnod
829 1029 1011 1114 terminum
1028 1052 1113 1097 oon·

11 1144 24 1195 ¹:
59 1119 176 1184 dunat
195 1114 310 1189 istum,
332 1134 507 1201 quousque
530 1112 639 1200 aliqua
660 1113 917 1196 resumerent,
943 1125 976 1179 et
994 1115 1030 1181 in
1045 1139 1113 1204 quo

18 1230 21 1235 ·
62 1212 197 1271 eventus
219 1207 389 1286 appareat.

71 1316 74 1323 ’
105 1388 109 1395 .
163 1318 261 1388 Virgil.
276 1320 340 1370 Aen.
359 1317 384 1383 l,
401 1315 462 1375 565.
490 1319 552 1387 quis
568 1335 657 1390 genus
672 1317 852 1383 Aeneadum,
870 1321 931 1389 quis
953 1318 1054 1377 Troiae
1067 1344 1128 1388 ese-4

11 1396 18 1415 ’
96 1468 99 1473 ι
120 1394 204 1461 -seiat
220 1399 330 1467 urbem,
354 1405 541 1475 virtutesque,
557 1406 702 1475 virosque,
722 1412 773 1455 aut
787 1405 860 1456 tanti
876 1404 1003 1460 incendia
1020 1392 1115 1464 belli?
1197 1426 1209 1447 ‘

97 1532 103 1542 .
132 1490 204 1545 Non
228 1485 327 1541 obtusa
343 1487 415 1541 adeo
429 1501 571 1560 gestamus
586 1475 701 1558 pectora
717 1487 812 1541 Poeni.
833 1488 926 1557 quibua
946 1491 1007 1542 addi
1021 1494 1114 1548 debet:

127 1587 162 1629 nt
183 1572 360 1626 Troianorum
380 1593 423 1626 res
449 1583 527 1643 atque
542 1552 602 1632 faita,
613 1572 771 1640 ignoremus.
796 1575 910 1624 Iureual.
927 1571 953 1638 6,
974 1574 1017 1629 59.
1041 1579 1114 1634 adeo

129 1668 281 1717 senuerunt
302 1658 474 1731 Iuppiteres
491 1657 603 1714 Marsi
631 1658 672 1710 De
688 1657 809 1711 Terentii
830 1659 890 1712 loco
908 1661 974 1711 Eun.
990 1659 1025 1734 fi,
1044 1662 1071 1729 6,
1089 1664 1116 1717 6.

119 1746 204 1801 'inira
222 1743 317 1796 dicem.
431 1740 433 1745 ’
578 1738 582 1747 ’

143 1848 191 1914 Et
211 1845 342 1911 additur
354 1842 523 1910 interdum
538 1843 739 1910 vocabulum
752 1862 866 1929 neque.

166 1951 251 2003 Plnua
270 1947 365 2001 Bacch·
383 1945 418 2011 3,
436 1945 471 2011 4,
491 1948 534 2001 10.
559 1945 631 2000 adeo
654 1963 707 2014 ego
730 1941 813 2006 iiiam
832 1961 932 2012 cogam
957 1962 1057 2020 usque,
1083 1963 1117 2006 ne

131 2035 271 2089 nundinet
295 2051 371 2087 naeus
393 2044 483 2104 pater.
516 2035 588 2084 Cart.
609 2027 765 2096 10,1‚42.
787 2027 827 2084 ad
844 2028 973 2083 uitiorum
987 2053 1005 2086 a
1020 2048 1121 2092 semet·
1161 2048 1164 2052 '
1208 2024 1211 2032 ⁸

131 2124 200 2192 ipso
215 2118 409 2190 degeneravit,
436 2137 521 2190 usque
535 2117 630 2179 adeo*
651 2125 684 2169 nt
707 2114 841 2170 adversus
857 2113 1003 2170 libidinem
1017 2126 1117 2184 animi,

131 2203 252 2261 arbitrio
269 2206 355 2257 scorti
373 2202 439 2256 aliis
452 2221 539 2274 regna
555 2200 651 2262 daret,
668 2198 735 2254 aliis
751 2200 886 2253 adimeret
897 2205 994 2255 vitam.
1019 2207 1118 2259 eroau.

131 2291 160 2356 1,
175 2287 237 2342 866.
257 2287 426 2360 usqueadeo
446 2291 574 2360 miserum
589 2296 631 2340 est
642 2283 721 2340 ciuili
736 2289 844 2339 vincere
855 2283 956 2353 bello?

144 2386 347 2478 'Sequuntur
366 2410 559 2479 pronomen
580 2385 755 2452 relativum
778 2397 811 2451 et
834 2389 927 2479 quin.

147 2488 244 2547 ”Corn
259 2489 295 2556 4,
322 2489 372 2556 16,
401 2490 443 2544 14.
467 2510 516 2544 nee
539 2487 699 2547 uila‘ndso
718 2493 785 2543 auia
803 2500 831 2543 et
846 2494 920 2545 sicea
939 2490 1118 2560 lacunaerat,

136 2597 209 2651 qnae
229 2579 430 2649 vestigantium
457 2579 535 2630 sitim
550 2571 684 2646 falleret.
719 2576 826 2627 Terent.
846 2576 958 2646 Adelph.
973 2577 1008 2641 2,
1024 2579 1059 2643 2,
1077 2580 1120 2634 18.

135 2680 231 2717 uerum
246 2679 297 2734 ego
314 2679 462 2734 numquam
481 2660 553 2714 adeo
567 2669 677 2713 astutus
690 2654 757 2728 foi,
790 2665 876 2732 quin,
907 2664 1040 2735 quiequid
1052 2684 1120 2736 pos.

137 2765 214 2810 sem,
232 2745 346 2800 mallem
360 2740 473 2817 auferre
484 2748 582 2818 potius
596 2747 626 2798 in
641 2747 812 2816 praesentia.
828 2817 831 2822 Ι

151 2854 186 2915 2.
211 2850 300 2914 Haeo
317 2853 403 2912 ratio
419 2871 490 2913 non
506 2855 656 2913 mutatur
672 2847 847 2934 negatione
864 2847 1044 2913 sententiae
1061 2841 1121 2914 ad·

65 2934 155 3015 ditn,
184 2940 222 2998 ut
246 2935 314 2998 iam
331 2933 486 2998 vidimus,
529 2933 599 2997 Alia
616 2940 753 3011 esitus,
781 2931 838 2995 ubi
856 2933 944 2996 adeo
961 2934 1134 3000 adhaere*

65 3044 105 3086 re
129 3019 260 3085 videtur
282 3016 347 3107 ipsi
369 3019 536 3107 negationi
559 3016 691 3101 ita,'ut
712 3037 813 3080 uuam
839 3039 916 3082 cum
941 3040 978 3104 ea
1001 3018 1123 3086 officiat

67 3128 209 3187 vocem,
233 3104 514 3191 quemadmodum
531 3125 593 3168 nos
609 3125 741 3191 quoque
757 3103 919 3185 dicimus,
947 3127 985 3168 ao
1005 3108 1123 3194 menig

68 3189 172 3280 dosis,
191 3213 229 3254 so
244 3212 318 3287 gor
332 3190 426 3254 niolrt
441 3187 531 3279 daſs.
553 3191 596 3254 At
611 3192 639 3255 si
654 3188 802 3253 indolem
820 3188 911 3252 latini
930 3189 1018 3254 verbi
1033 3204 1123 3257 recte

67 3295 352 3365 perspexerimus,
364 3275 569 3361 aliquantum
576 3275 656 3338 haec
665 3274 796 3337 differre
805 3273 986 3362 apparebit,
1002 3300 1129 3362 quarn-4

69 3383 174 3448 quam
197 3361 379 3425 sententiae
402 3361 610 3425 conveniant.
652 3359 723 3423 Nos
747 3359 835 3423 enirn
860 3381 963 3447 quarn
980 3383 1124 3449 usurpa-

70 3468 147 3511 mus
162 3447 226 3510 ista
244 3445 362 3526 verba,
389 3447 618 3534 coniungimus
632 3444 827 3530 particulam
846 3467 922 3510 eum
937 3447 1122 3534 negatione,

72 3542 109 3596 et
126 3542 301 3618 utramque
318 3531 467 3596 addimus
485 3530 589 3595 verbo
608 3531 647 3593 ad
666 3533 951 3616 comparationem
968 3533 1015 3596 rei
1039 3556 1124 3595 cou-

69 3618 192 3687 trariae
208 3617 453 3681 instituendam.
475 3616 583 3680 Latini
603 3626 713 3679 autem
729 3617 939 3704 negationem
956 3639 1032 3679 curn
1049 3639 1124 3680 ver·
1224 3638 1226 3642 ’

69 3703 119 3767 bo
143 3704 352 3790 coniungunt
374 3706 410 3767 in
428 3724 529 3766 unam
547 3701 738 3776 notionem,
770 3701 943 3788 additaque
962 3703 1124 3787 particula

69 3788 240 3868 indicant,
272 3795 434 3874 quantum
458 3789 518 3867 sit,
545 3787 581 3850 in
628 3808 672 3849 uo
699 3784 820 3883 aliquid
836 3788 966 3850 deficiat
983 3797 1038 3850 aut
1054 3811 1139 3855 nou,

69 3873 201 3939 fuctum
223 3874 276 3936 sit.
320 3871 440 3936 Sensus
454 3873 563 3961 igitur
580 3809 627 3936 ari
636 3871 669 3934 id
685 3871 789 3952 redit,
813 3873 903 3958 quod
926 3873 1125 3957 exprimitur
1189 3892 1191 3896 ’

71 3959 183 4026 vorbis
207 3969 344 4022 tontum
361 3956 466 4022 obest.
511 3957 577 4022 Sed
595 3957 704 4021 omnis
720 3956 773 4019 hio
791 3979 865 4020 usus
880 3958 1048 4043 recentior
1063 3971 1123 4031 est,

70 4067 135 4108 neo
159 4043 313 4108 Ciceroni
338 4043 509 4127 probatus·
551 4042 690 4108 Nullum
713 4043 801 4106 enim
825 4049 930 4106 exstat
944 4042 979 4106 in
998 4044 1066 4109 eius
1081 4045 1126 4110 ii·

71 4130 142 4195 bris
164 4127 370 4220 exemplum.
