2618 4770
139 58 151 91 Ι

105 276 168 346 sic
346 288 349 300 ·
549 273 700 362 tuom.

116 462 120 467 ‚
180 438 264 501 ptore
287 424 530 502 oendes,puici=ie
549 443 602 488 cut
629 431 692 488 ulio
717 450 775 502 uon
793 432 895 502 pretio.
930 428 985 482 cie.
1007 428 1044 479 de
1061 429 1164 498 Republ.

180 514 216 580 8,
233 511 259 569 5·
275 518 357 586 atqui
375 515 592 587 tristitiaque
610 516 741 583 Laelius,
760 515 911 571 uerendum
926 523 978 578 est,
997 516 1025 566 si
1043 532 1078 565 ea
1098 512 1165 566 dixe·

180 603 237 663 rit,
260 597 336 671 ‘quae
355 612 450 654 contra
470 605 607 658 iustitiam
626 604 684 658 dici
700 601 810 666 solent,
837 620 871 655 ne
894 601 934 654 sio
957 597 1049 652 etiam
1074 601 1167 652 sentire

177 683 308 747 videare,
328 703 411 757 quum
428 699 457 739 et
479 688 540 755 ipse
558 692 598 743 sis
616 691 695 759 quasi
718 691 828 741 unicum
852 683 1015 754 exemplum
1035 686 1165 753 antiquae

181 769 332 842 probitatis
347 782 397 826 etc.
429 775 520 826 Itonia
539 775 566 826 in
584 776 625 827 his
644 785 736 845 apertu
752 781 807 824 est:
825 779 899 823 verte
918 764 1090 840 alierdiugs,
1102 764 1167 840 frei-

184 854 249 910 tici.
282 860 323 911 Itu
340 857 419 911 etiem
437 857 469 911 de
490 862 555 928 Leg.
574 861 606 927 1,
626 860 660 927 1,
678 857 706 915 4.
724 859 803 928 utqui
831 853 922 908 muita
950 865 1124 925 quaeruntur
1144 857 1168 908 in

182 939 305 1007 Mario,
327 940 438 1011 fictane
455 963 493 997 an
517 965 584 1003 cera
602 949 668 1004 sint.
690 944 762 1014 <guod
786 952 827 996 est
848 941 886 998 im
909 937 1085 1019 Gegouchu'l
1101 938 1168 1004 eben,

184 1027 254 1081 verti
271 1036 360 1097 potest
374 1027 410 1103 ja
422 1023 552 1099 sreilicis.

200 1131 232 1194 6.
255 1129 339 1194 Hine
353 1146 606 1220 componuntur
624 1133 723 1201 verbe
743 1131 842 1222 atqui
865 1139 974 1204 certe,
997 1128 1098 1278 cripui
1113 1128 1168 1192 sic.

116 1210 204 1281 Illud
220 1225 269 1279 est
283 1213 448 1305 dogegen
464 1221 501 1287 iu
516 1220 578 1284 sier
589 1221 680 1288 Tltut
696 1217 797 1285 eben.-
821 1213 912 1302 quod
928 1212 1002 1280 fere
1018 1215 1031 1279 i
1056 1236 1109 1279 em
1125 1225 1167 1278 et-

119 1319 185 1388 que
203 1311 243 1366 at
258 1306 524 1390 contrapositis,
547 1305 708 1395 dugegen
728 1301 899 1370 cielmelrr.

226 1421 282 1475 Cic.
299 1422 333 1476 ed
350 1427 405 1476 Att.
426 1423 460 1489 7,
483 1424 507 1480 7.
528 1425 653 1482 iliud-
672 1444 729 1481 non
758 1419 913 1478 adscribis:
938 1429 968 1475 et
993 1418 1049 1473 tibi
1067 1420 1167 1491 gratias

188 1509 259 1577 egit.
293 1510 383 1578 Atqui
408 1521 481 1564 certe
505 1512 556 1568 ilie
586 1531 669 1585 agere
694 1507 809 1579 debuit.
829 1509 847 1563 i.
865 1527 887 1560 e.
907 1504 1038 1576 dagegen
1054 1503 1129 1558 hitto
1144 1523 1170 1557 er

103 1658 106 1663 Ι
142 1635 145 1640 .
189 1588 260 1645 elren
280 1592 404 1647 wirkiieh
432 1580 515 1650 Daui:
541 1617 628 1668 rugen
656 1595 756 1651 solten.
791 1594 825 1645 de
841 1594 905 1647 Nat.
924 1592 950 1644 d.
970 1591 1004 1653 e,
1025 1590 1059 1654 72
1080 1589 1121 1643 18·
1137 1608 1168 1642 ’Β

190 1687 281 1732 astera
298 1679 417 1733 mundus
433 1679 554 1739 babebit.
565 1684 679 1739 ornniar
703 1680 755 1737 iroc
772 1696 874 1740 uuum,
899 1677 977 1751 quod
991 1675 1108 1748 plurimi
1123 1686 1168 1738 est,

190 1778 249 1814 aon
273 1761 410 1821 habebit?
440 1768 529 1840 Atqui
556 1782 627 1825 certe
653 1765 725 1822 nihii
753 1769 876 1820 omnium
898 1782 990 1820 rerum
1013 1761 1182 1817 nussum.

191 1844 306 1903 mundo.
327 1850 347 1905 i.
369 1871 392 1907 e.
412 1852 539 1927 dugegen
556 1854 633 1910 eben.
664 1853 737 1905 coni.
754 1853 787 1903 11.
805 1849 831 1903 2·

228 1951 335 2006 Terent.
353 1957 419 2012 Eun.
440 1959 476 2025 5,
499 1958 532 2023 4,
549 1957 592 2011 31.
621 1954 737 2025 (5,11.)
764 1955 811 2005 Pr.
835 1951 936 2006 nescio.
970 1950 1015 2002 Pr.
1038 1951 1119 2020 atqui
1135 1950 1170 2002 sic

73 2062 75 2066 ·
180 2033 343 2108 *inventast
379 2043 434 2099 Cic.
451 2063 477 2114 p.
494 2045 572 2099 Arch.
591 2043 624 2106 8,
642 2041 684 2095 18.
705 2038 776 2093 hune
800 2054 852 2108 ego
877 2053 933 2089 non
950 2032 1094 2105 diligam?
1120 2051 1170 2084 non

189 2118 336 2178 admirer?
361 2146 418 2181 non
436 2133 512 2183 omni
529 2133 639 2184 'ratione
656 2121 865 2194 defendendum
880 2121 1001 2192 putem?
1034 2120 1122 2190 Atqui
1136 2120 1170 2171 sic

193 2224 213 2260 a
231 2213 348 2267 summis
366 2210 524 2269 hominibus
551 2213 745 2271 eruditissimis
769 2209 940 2277 accepimus,
969 2215 1119 2258 ceterarum
1135 2222 1169 2256 re·

126 2350 129 2355 .
192 2310 255 2346 rum
271 2295 366 2348 studia
383 2309 412 2352 et
428 2299 555 2356 doctrina
566 2311 594 2354 et
610 2299 768 2368 praeceptis
785 2306 813 2348 et
830 2305 892 2347 arte
910 2301 1048 2352 constare,
1065 2298 1170 2361 poetam
1202 2308 1209 2332 r

193 2387 296 2431 natura
316 2383 380 2449 ipsa
396 2383 499 2440 valere.
520 2387 565 2440 ubi
586 2385 724 2438 Schiitzius
743 2393 842 2433 temere
867 2378 978 2434 mutavit
1001 2388 1095 2450 atque·
1128 2377 1169 2428 Est

195 2461 279 2514 enim:
296 2465 328 2518 ub
342 2467 426 2520 ultera
444 2481 520 2538 purte
536 2473 574 2526 sic
592 2470 677 2526 etiam
690 2454 913 2537 iucipiffli'sss‘''''”

230 2565 316 2621 Plaut.
333 2570 404 2621 Asin.
423 2571 456 2637 8,
476 2574 509 2642 3,
528 2576 570 2629 80.
586 2579 666 2648 atqui
683 2573 736 2651 pol
754 2570 838 2630 trodio
854 2587 911 2627 non
923 2563 1023 2643 seret,
1041 2569 1072 2621 πί
1089 2581 1171 2639 gem

197 2647 395 2720 confricantur.
431 2659 508 2716 Conf.
525 2673 552 2734 p'.
568 2660 630 2717 437.

120 2838 121 2842 Ἰ
213 2756 244 2818 7·
272 2752 311 2822 Iu
334 2758 504 2848 colloquio
529 2787 644 2851 saepe,
671 2772 710 2827 ut
733 2782 776 2826 ex
800 2757 903 2824 allatis
927 2758 995 2821 iam
1018 2751 1172 2840 exemplis

33 2909 38 2916 ‚
129 2840 360 2926 cognoscitur,
382 2850 479 2936 atqui
500 2852 672 2915 continuat
687 2857 719 2912 et
735 2844 947 2934 persequitur
969 2841 1037 2917 rei,
1062 2839 1102 2901 de
1117 2859 1174 2923 qua

127 2922 270 3019 emplius
285 2926 426 2996 dubitari
442 2957 512 2999 non
535 2937 657 3020 possit,
679 2931 952 2999 affirmationem:
971 2926 1031 2993 ubi
1050 2947 1113 2988 nos
1129 2923 1174 2988 di-

128 3013 392 3111 trutmannia,
416 3019 622 3108 ullerdiugs.
680 3024 682 3029 ’

229 3132 295 3190 Plin·
316 3132 383 3187 Hist.
400 3156 426 3192 n.
456 3138 505 3205 15,
526 3139 575 3205 18,
600 3142 642 3194 20.
670 3141 811 3208 interrogo
835 3154 906 3197 vos,
930 3135 1040 3204 inquit,
1070 3128 1177 3204 quando

196 3213 401 3289 inrepertum
419 3223 561 3294 demptam
577 3223 682 3296 putetis
700 3240 741 3287 ex¹
752 3221 872 3274 arbore?
896 3219 991 3295 Quum
1005 3223 1179 3274 interorum

195 3313 331 3360 retentem
359 3324 418 3361 esse
443 3323 600 3366 constarete
628 3309 706 3379 atqui
734 3309 862 3370 tertium,
893 3304 1002 3376 inquit,
1028 3303 1181 3357 antediem

195 3389 296 3466 scitote
312 3390 473 3462 decerptam
494 3396 681 3468 Curtiruginer
706 3402 765 3445 tam
782 3409 871 3461 prope
894 3410 912 3443 a
940 3392 1027 3442 muris
1052 3386 1181 3442 habemus

195 3467 311 3530 hostem.
347 3477 429 3530 Plaut.
447 3481 505 3538 Aul.
521 3482 555 3549 2,
572 3481 607 3548 4,
623 3479 649 3536 8.
667 3480 746 3551 utqui
764 3493 816 3551 ego
833 3479 920 3538 istuc,
938 3473 1088 3536 Anthrax,
1114 3472 1182 3527 aiio·

197 3571 309 3615 vorsum
328 3561 464 3621 dixeram·

213 3662 245 3725 8.
278 3662 342 3728 Sed
359 3688 585 3752 quaecumque
608 3667 771 3744 obiectio,
793 3683 876 3749 quse
898 3660 956 3741 fit,
977 3672 1017 3727 ut
1041 3660 1183 3724 aliorum

128 3747 288 3812 sententia
309 3751 499 3828 refellatur,
521 3753 697 3819 coniuncta
717 3771 786 3813 esse
803 3759 913 3834 potest
939 3770 1016 3811 curn
1041 3746 1182 3833 quadam

129 3836 404 3918 consequutione.
447 3840 493 3908 Ea
512 3840 711 3926 exprimitur
726 3857 786 3922 per
803 3834 912 3923 atqui,
936 3835 956 3897 i.
974 3856 1002 3897 e.
1021 3831 1183 3919 ciogegeu

37 3978 41 3983 ,
84 3928 89 3959 ³
128 3908 221 3991 eben,
240 3921 330 4003 quod
347 3922 385 3987 fit
406 3925 673 4013 consequutionis
688 3921 817 3986 ratione
837 3921 1001 4008 ciugegea
1016 3940 1109 4012 uisu.¹

230 4037 285 4092 cic·
311 4042 344 4095 de
369 4045 429 4098 uin.
453 4046 487 4110 2,
507 4047 540 4108 2,
556 4042 582 4100 5.
601 4046 682 4115 atqui
706 4039 774 4095 iraec
797 4037 960 4112 patefactio
987 4040 1071 4108 quusi
1097 4054 1187 4090 rerum

198 4138 360 4194 apertarum
378 4148 412 4172 ό-
429 4128 560 4203 definitio
580 4141 633 4191 est,
667 4133 752 4181 Antea
772 4125 870 4179 dictum
891 4136 962 4180 erut:
975 4123 1119 4192 epicurus
1140 4139 1185 4173 ne·
