2648 4762
222 343 288 409 428
641 339 741 405 AST.
783 340 854 405 AT.

291 496 377 560 uotis,
391 502 424 548 st
441 491 494 549 tibi
513 512 638 548 merum
649 491 741 551 miliia
751 491 863 566 quantu
876 494 965 550 «iabit.
982 497 1038 548 Lis.
1049 494 1074 559 3,
1084 495 1127 561 17,
1135 495 1163 550 3.
1181 499 1208 550 si
1225 515 1278 550 uos

290 581 383 644 urbis,
407 581 549 656 Quirites,
572 581 597 631 si
613 582 699 634 uestri
713 580 794 633 nrriia
808 601 873 634 cura
890 583 999 654 tangit,
1017 592 1048 635 ut
1069 601 1120 634 uos
1139 585 1277 637 ueremini

290 666 357 720 deos
382 677 491 720 uestros
515 661 552 717 ab
574 662 702 717 hostibus
725 676 833 732 captos.
874 666 906 733 9,
931 669 964 731 3,
988 667 1014 720 9.
1039 668 1132 735 virgil.
1160 670 1230 720 Aen.
1250 667 1276 734 6,

288 749 349 804 405.
377 752 437 803 Vid.
457 767 560 813 ovoosr.
595 747 791 800 ffictnvor.
818 749 851 815 3,
872 752 922 813 52,
947 753 1006 808 132.
1031 755 1072 813 si,
1092 753 1275 822 quemadmo-

216 849 220 855 '
289 836 357 890 dum
374 839 443 890 socii
465 832 567 904 popuii
582 836 692 887 romani
712 855 730 886 a
752 836 963 906 nrugistratibus
982 839 1085 890 nostris
1107 849 1275 903 tractentur,

290 941 346 976 non
374 917 528 984 laboretis,
554 932 586 972 ut
608 938 661 972 uos
681 937 852 974 communem
880 922 1116 990 popuiinomoni
1142 944 1275 995 ea'ussarn

287 1008 421 1077 suscipite
437 1016 521 1077 utque
538 999 693 1075 defendite.
727 1006 782 1057 Cic.
809 1025 849 1075 pr.
869 1008 959 1071 Quint.
976 1006 1028 1072 31,
1046 1007 1102 1061 97.·
1113 1008 1274 1065 obsecrauit

285 1117 322 1136 ·-
339 1088 541 1161 utaliquando
568 1086 693 1161 aliquam
719 1094 746 1144 si
769 1108 825 1143 non
850 1095 1089 1165 propinquitatis,
1111 1106 1143 1149 at
1164 1100 1274 1151 aetatit

288 1196 371 1238 suae,
401 1179 427 1230 si
450 1193 506 1227 non
526 1173 661 1235 hominis,
678 1185 710 1226 at
733 1174 918 1234 burnanitutis
935 1180 1071 1236 rationem
1092 1178 1215 1235 baberet.
1244 1182 1272 1233 in

288 1267 366 1317 Verr.
383 1259 417 1322 3,
436 1259 487 1327 85,
506 1259 564 1314 195.
583 1279 623 1331 pr.
645 1261 702 1312 Mil.
718 1258 769 1327 84,
792 1260 835 1314 93.
859 1265 886 1317 si
910 1262 978 1318 mibi
1002 1285 1031 1318 re
1054 1265 1170 1334 publicu
1193 1266 1271 1321 bonu

280 1344 348 1419 frui
364 1364 419 1399 non
436 1344 561 1409 licuerit,
587 1357 620 1400 ut
643 1344 740 1399 carebo
762 1345 840 1399 maia
883 1347 911 1399 in
929 1350 1006 1400 Verr.
1026 1347 1059 1414 6,
1078 1351 1130 1416 27,
1149 1351 1194 1405 69.
1212 1373 1272 1406 usu-

284 1437 377 1494 xime,
395 1436 421 1484 si
439 1435 529 1485 minus
543 1426 684 1502 supplicio
704 1426 806 1501 affici,
830 1440 863 1484 ut
881 1433 1017 1490 custodiri
1040 1437 1203 1505 oportebat.
1229 1458 1271 1508 pr.

284 1521 370 1573 Domo
396 1515 446 1581 50,
474 1516 532 1570 129.
568 1518 641 1569 Coeo.
662 1518 688 1568 B.
714 1517 776 1584 gall.
801 1515 835 1583 6,
860 1518 909 1584 40,
927 1517 953 1570 2.
977 1528 1007 1572 et
1030 1526 1055 1576 si
1075 1541 1143 1591 pars
1168 1522 1270 1595 aliqua

285 1610 470 1658 circumuenta
492 1600 637 1666 ceciderit,
673 1611 704 1654 at
723 1599 847 1673 reliquos
876 1609 983 1659 seruari
1000 1625 1086 1676 posse
1109 1608 1270 1678 confidunt.

282 1690 379 1743 catull.
403 1686 454 1751 30,
480 1686 522 1738 11.
550 1690 618 1739 Bene
645 1687 760 1738 coniecit
779 1687 900 1739 Borthius
925 1689 954 1741 in
978 1692 1066 1743 Grutii
1084 1694 1186 1761 Cyncg.
1209 1693 1269 1746 177.

283 1773 448 1828 scribendum
463 1790 534 1824 mse:
553 1774 579 1825 si
594 1788 649 1823 non
664 1770 830 1840 adspeciem
843 1773 1060 1844 mentiturosque
1075 1776 1190 1831 decoret
1202 1798 1268 1847 pro·

281 1865 374 1922 tinus,
391 1887 426 1900 --
449 1868 480 1911 at
502 1874 633 1927 magnum
657 1874 740 1929 quum
759 1859 836 1911 uenit
856 1877 937 1928 opus.
972 1864 1057 1914 Antea
1072 1862 1212 1930 legebatur
1228 1865 1268 1918 ud

280 1963 421 2019 magnum-

327 2052 400 2101 Gurt.
416 2045 450 2108 3,
469 2044 502 2106 8,
521 2044 547 2097 2.
564 2048 589 2098 si
597 2043 783 2098 idconsilium
790 2044 943 2110 damnaret,
960 2050 1198 2106 atiiiedivideret
1209 2051 1266 2106 sal-

221 2120 224 2131 *
283 2146 338 2188 tem
346 2133 439 2200 copias
448 2127 669 2185 innumerabiles.
692 2131 748 2181 Liv.
766 2129 800 2196 3,
815 2131 866 2199 31,
884 2133 910 2186 7.
930 2130 955 2189 ri
969 2135 1097 2208 plebeiae
1113 2134 1191 2208 leges
1209 2138 1266 2191 dis·

280 2217 433 2290 plicerent,
451 2227 483 2268 nt
496 2215 542 2270 iiii
559 2218 740 2272 communiter
754 2215 847 2289 legum
860 2219 966 2274 iatores
981 2233 1009 2275 et
1024 2219 1153 2291 explebe
1168 2234 1196 2275 et
1214 2243 1265 2295 pu·

279 2303 367 2359 tribus
386 2327 418 2343 -·
439 2303 561 2354 sinerent
586 2304 681 2355 creari.
715 2302 774 2354 Liv.
790 2304 823 2369 1,
839 2303 891 2371 41,
908 2304 934 2359 3.
949 2310 975 2358 si
986 2317 1034 2360 tua
1051 2326 1080 2360 re
1093 2304 1189 2360 subita
1201 2306 1265 2362 con-

280 2389 347 2444 silio
363 2399 485 2457 torpent,
500 2398 532 2440 ut
544 2397 574 2439 tu
590 2406 650 2442 mea
667 2405 789 2460 sequere.
825 2390 874 2453 10,
890 2390 940 2453 26,
959 2390 985 2451 3.
1004 2393 1048 2444 sin
1063 2389 1178 2464 collega
1195 2395 1266 2464 quid

280 2472 361 2530 aliud
377 2469 475 2534 ntulit,
495 2482 527 2525 at
546 2472 599 2526 sibi
608 2475 645 2528 L.
663 2473 843 2529 Volumnium
861 2475 960 2530 darent
981 2476 1151 2534 adiutorem.
1179 2481 1263 2532 Plaut.

278 2560 374 2614 Bacch.
393 2558 425 2620 2,
445 2556 477 2622 3,
498 2556 557 2610 131.
577 2563 602 2613 si
621 2559 669 2615 illi
686 2568 754 2621 Μ
774 2562 872 2632 virgae
900 2564 974 2628 ruri,
1002 2574 1034 2615 at
1061 2562 1129 2618 mibi
1154 2575 1264 2637 tergum

280 2645 359 2699 domi
377 2652 428 2695 est·
463 2643 558 2710 virgil.
579 2651 643 2698 Aen.
663 2648 695 2709 1,
713 2642 773 2699 542.
791 2648 818 2699 si
836 2663 925 2716 genus
945 2645 1094 2702 bumanum
1112 2662 1141 2703 et
1159 2665 1262 2705 mortu·

281 2731 322 2786 liu
349 2730 474 2783 temnitis
501 2748 596 2795 orma,
623 2744 655 2783 at
678 2742 789 2802 sperate
814 2730 883 2785 deos
910 2738 1043 2788 niemores
1070 2733 1262 2813 fandiqatque
1293 2745 1296 2749 ’

278 2812 409 2887 nefandi.
444 2813 544 2882 Georg.
563 2813 597 2879 4,
617 2815 677 2869 239.
694 2818 736 2869 sin
758 2815 857 2870 durum
876 2830 998 2871 metuens
1015 2818 1132 2875 iriensem
1151 2843 1261 2893 parces·

277 2921 329 2975 que
339 2896 462 2970 futuro,
486 2911 670 2972 contusosque
692 2904 802 2955 animos
825 2913 853 2956 et
875 2920 919 2956 res
943 2903 1107 2960 miserabere
1121 2904 1261 2978 fructas:

275 2997 308 3041 ut
335 2979 434 3057 suffire
462 2983 563 3056 thymo
586 3005 715 3057 cerasque
748 2987 867 3043 recidere
894 2988 1001 3052 inanis,
1036 2995 1098 3064 quis
1124 2992 1260 3051 dubitet?

276 3074 353 3127 Conf.
372 3089 437 3142 quae
457 3069 491 3122 de
508 3088 566 3123 voc.
586 3089 607 3122 cs
625 3070 748 3122 dicemus.

307 3197 365 3246 Huc
383 3193 463 3245 etiam
480 3191 569 3243 refero
583 3190 637 3242 Cic.
656 3192 749 3243 caton.
768 3191 801 3256 6,
823 3192 864 3246 18.
884 3190 1032 3264 nisi'forts
1050 3214 1102 3267 ego
1121 3196 1206 3252 vobis
1225 3227 1260 3242 -

274 3300 380 3337 cessare
397 3295 468 3330 nunc
485 3274 599 3338 videor,
622 3295 705 3347 quum
722 3274 803 3330 bella.
817 3296 874 3331 non
890 3296 976 3350 gero,
995 3289 1027 3331 ut
1048 3286 1171 3346 senatui,
1189 3304 1259 3355 quee

274 3378 338 3422 sunt
360 3362 499 3438 gerenda,
528 3360 696 3431 praescribo.
737 3353 773 3414 Et
797 3363 830 3416 de
856 3364 915 3431 riu,
941 3360 976 3430 4,
1001 3364 1034 3429 5,
1064 3364 1105 3420 13.
1130 3370 1259 3441 equidem
1309 3356 1312 3365 ¹

232 3471 235 3479 '
275 3457 359 3508 etiam
372 3450 524 3519 Epicurum
542 3443 713 3518 inphysicis
730 3447 842 3518 quidem
851 3448 1040 3502 Democritum
1057 3462 1152 3521 putot
1165 3473 1259 3523 pauca

274 3548 373 3598 mutat,
390 3532 438 3588 vel
454 3530 537 3600 plura
555 3549 640 3584 sanes
658 3543 690 3584 at
709 3552 793 3603 quum
811 3555 827 3588 e
846 3533 978 3605 plurimis
991 3535 1176 3613 eajfmdg'cst,
1198 3550 1258 3592 gum

275 3633 347 3678 certe
372 3619 407 3673 de
434 3619 572 3669 maximis.
599 3617 627 3667 in
652 3618 745 3686 quibus
772 3619 840 3669 nihil
863 3619 1014 3670 mutandum
1038 3632 1144 3688 praeter
1160 3641 1258 3677 nomen

274 3708 480 3762 democritum.
507 3716 568 3753 nam
593 3720 659 3771 quoe
684 3704 835 3756 concessiva
864 3706 950 3756 forma
973 3707 1144 3774 exprimendo
1171 3721 1257 3774 erant,

273 3794 383 3848 etiamsi
408 3806 499 3858 pauca
524 3785 571 3844 vei
594 3787 680 3858 plura
703 3800 811 3857 mutat,
829 3789 1008 3858 adiunguntur
1025 3794 1204 3861 superioribus
1228 3797 1257 3848 in
1311 3782 1317 3803 1

271 3878 376 3930 modum
394 3873 628 3942 comprobationis.

140 3983 143 3991 ¹
202 4018 210 4025 ·
288 4000 339 4060 10.
363 3995 495 4058 Praeter
511 3991 600 4057 hunc
617 4013 726 4074 usum,
751 4004 836 4058 corta
851 3995 980 4059 ratione
999 3996 1193 4075 coercitum,
1218 4011 1257 4062 ot

168 4144 179 4151 ,
203 4082 341 4171 ponitur
356 4080 389 4144 in
406 4079 547 4164 apodosi
564 4101 611 4156 ca,
630 4099 712 4164 quoe
728 4101 797 4142 non
813 4082 1012 4145 contrarium
1029 4079 1165 4168 quidem
1180 4106 1257 4148 rem

175 4174 348 4256 *perstare
374 4164 515 4245 indicat,
555 4162 613 4229 sed
634 4185 814 4252 porsonam
839 4165 874 4230 in
900 4189 935 4232 sc
958 4165 1060 4231 hubct
1083 4188 1126 4232 cx
1152 4167 1257 4235 ultera
1302 4191 1313 4204 ·
