<?xml version="1.0" encoding="UTF-8"?>
<!DOCTYPE html PUBLIC "-//W3C//DTD XHTML 1.0 Transitional//EN"
    "http://www.w3.org/TR/xhtml1/DTD/xhtml1-transitional.dtd">
<html xmlns="http://www.w3.org/1999/xhtml" xml:lang="en" lang="en">
 <head>
  <title>
</title>
<meta http-equiv="Content-Type" content="text/html;charset=utf-8" />
  <meta name='ocr-system' content='tesseract 3.04.00' />
  <meta name='ocr-capabilities' content='ocr_page ocr_carea ocr_par ocr_line ocrx_word'/>
</head>
<body>
  <div class='ocr_page' id='page_1' title='image "./tursellinusseud03handgoog_0014.png"; bbox 0 0 2618 4770; ppageno 0'>
   <div class='ocr_carea' id='block_1_1' title="bbox 1075 225 1109 273">
    <p class='ocr_par' dir='ltr' id='par_1_1' title="bbox 1075 225 1109 273">
     <span class='ocr_line' id='line_1_1' title="bbox 1075 225 1109 273; baseline 0 0"><span class='ocrx_word' id='word_1_1' title='bbox 1075 225 1109 273; x_wconf 72' lang='lat' dir='ltr'><strong>:V</strong></span> 
     </span>
    </p>
   </div>
   <div class='ocr_carea' id='block_1_2' title="bbox 61 296 1107 439">
    <p class='ocr_par' dir='ltr' id='par_1_2' title="bbox 61 296 1107 439">
     <span class='ocr_line' id='line_1_2' title="bbox 61 296 1107 439; baseline 0.01 -23"><span class='ocrx_word' id='word_1_2' title='bbox 61 296 244 439; x_wconf 76' lang='lat' dir='ltr'><strong>qnsomnio</strong></span> <span class='ocrx_word' id='word_1_3' title='bbox 257 349 473 428; x_wconf 84' lang='lat' dir='ltr'><strong>committere,</strong></span> <span class='ocrx_word' id='word_1_4' title='bbox 493 347 555 425; x_wconf 78' lang='lat' dir='ltr'><strong>nlsl</strong></span> <span class='ocrx_word' id='word_1_5' title='bbox 577 348 784 421; x_wconf 82' lang='lat' dir='ltr'><strong>etlamratlo.</strong></span> <span class='ocrx_word' id='word_1_6' title='bbox 800 352 1009 437; x_wconf 79' lang='lat' dir='ltr'><strong>consiliimoi</strong></span> <span class='ocrx_word' id='word_1_7' title='bbox 1030 358 1107 427; x_wconf 88' lang='lat' dir='ltr'><strong>rod-</strong></span> 
     </span>
    </p>
   </div>
   <div class='ocr_carea' id='block_1_3' title="bbox 13 475 1106 579">
    <p class='ocr_par' dir='ltr' id='par_1_3' title="bbox 13 464 1106 579">
     <span class='ocr_line' id='line_1_3' title="bbox 13 475 1106 579; baseline 0.009 -34"><span class='ocrx_word' id='word_1_8' title='bbox 13 482 28 579; x_wconf 82' lang='lat' dir='ltr'><strong>l</strong></span> <span class='ocrx_word' id='word_1_9' title='bbox 60 476 178 558; x_wconf 83' lang='lat' dir='ltr'><strong>dendo,</strong></span> <span class='ocrx_word' id='word_1_10' title='bbox 207 475 496 565; x_wconf 81' lang='lat' dir='ltr'><strong>idquedicendum</strong></span> <span class='ocrx_word' id='word_1_11' title='bbox 510 480 613 557; x_wconf 81' lang='lat' dir='ltr'><strong>esset,</strong></span> <span class='ocrx_word' id='word_1_12' title='bbox 636 502 700 567; x_wconf 87' lang='lat' dir='ltr'><strong>quo</strong></span> <span class='ocrx_word' id='word_1_13' title='bbox 716 479 815 547; x_wconf 89' lang='lat' dir='ltr'><strong>modo</strong></span> <span class='ocrx_word' id='word_1_14' title='bbox 835 480 1106 567; x_wconf 78' lang='lat' dir='ltr'><strong>bonodoctrinoe</strong></span> 
     </span>
    </p>
   </div>
   <div class='ocr_carea' id='block_1_4' title="bbox 10 908 18 955">
    <p class='ocr_par' dir='ltr' id='par_1_4' title="bbox 10 908 18 955">
     <span class='ocr_line' id='line_1_4' title="bbox 10 908 18 955; baseline 0 0"><span class='ocrx_word' id='word_1_15' title='bbox 10 908 18 955; x_wconf 81' lang='lat' dir='ltr'><strong>i</strong></span> 
     </span>
    </p>
   </div>
   <div class='ocr_carea' id='block_1_5' title="bbox 10 958 17 1009">
    <p class='ocr_par' dir='ltr' id='par_1_5' title="bbox 10 958 17 1009">
     <span class='ocr_line' id='line_1_5' title="bbox 10 958 17 1009; baseline 0 0"><span class='ocrx_word' id='word_1_16' title='bbox 10 958 17 1009; x_wconf 94' lang='lat' dir='ltr'><strong>l</strong></span> 
     </span>
    </p>
   </div>
   <div class='ocr_carea' id='block_1_6' title="bbox 59 605 1106 951">
    <p class='ocr_par' dir='ltr' id='par_1_6' title="bbox 59 605 1106 951">
     <span class='ocr_line' id='line_1_6' title="bbox 59 605 1106 697; baseline 0.006 -25"><span class='ocrx_word' id='word_1_17' title='bbox 59 615 181 696; x_wconf 74' lang='lat' dir='ltr'><strong>partem</strong></span> <span class='ocrx_word' id='word_1_18' title='bbox 193 614 339 673; x_wconf 86' lang='lat' dir='ltr'><strong>tractore</strong></span> <span class='ocrx_word' id='word_1_19' title='bbox 352 605 540 688; x_wconf 88' lang='lat' dir='ltr'><strong>voluissem,</strong></span> <span class='ocrx_word' id='word_1_20' title='bbox 557 615 592 677; x_wconf 92' lang='lat' dir='ltr'><strong>et</strong></span> <span class='ocrx_word' id='word_1_21' title='bbox 605 628 663 675; x_wconf 92' lang='lat' dir='ltr'><strong>cur</strong></span> <span class='ocrx_word' id='word_1_22' title='bbox 678 606 780 691; x_wconf 82' lang='lat' dir='ltr'><strong>bunc,</strong></span> <span class='ocrx_word' id='word_1_23' title='bbox 795 626 860 695; x_wconf 88' lang='lat' dir='ltr'><strong>qna</strong></span> <span class='ocrx_word' id='word_1_24' title='bbox 874 608 1002 697; x_wconf 80' lang='lat' dir='ltr'><strong>incedo,</strong></span> <span class='ocrx_word' id='word_1_25' title='bbox 1022 613 1106 685; x_wconf 80' lang='lat' dir='ltr'><strong>viam</strong></span> 
     </span>
     <span class='ocr_line' id='line_1_7' title="bbox 59 732 545 823; baseline 0 -22"><span class='ocrx_word' id='word_1_26' title='bbox 59 732 239 823; x_wconf 77' lang='lat' dir='ltr'>longiorem</span> <span class='ocrx_word' id='word_1_27' title='bbox 250 733 417 822; x_wconf 82' lang='lat' dir='ltr'><strong>ingressus</strong></span> <span class='ocrx_word' id='word_1_28' title='bbox 431 755 545 803; x_wconf 89' lang='lat' dir='ltr'><strong>essem.</strong></span> 
     </span>
     <span class='ocr_line' id='line_1_8' title="bbox 63 858 1106 951; baseline 0.009 -23"><span class='ocrx_word' id='word_1_29' title='bbox 63 902 67 911; x_wconf 91' lang='lat'>·</span> <span class='ocrx_word' id='word_1_30' title='bbox 133 860 188 928; x_wconf 81' lang='lat' dir='ltr'><strong>sd</strong></span> <span class='ocrx_word' id='word_1_31' title='bbox 202 859 377 951; x_wconf 87' lang='lat' dir='ltr'><strong>particulas</strong></span> <span class='ocrx_word' id='word_1_32' title='bbox 398 858 511 929; x_wconf 90' lang='lat' dir='ltr'><strong>latinas</strong></span> <span class='ocrx_word' id='word_1_33' title='bbox 524 884 612 929; x_wconf 88' lang='lat' dir='ltr'><strong>mea</strong></span> <span class='ocrx_word' id='word_1_34' title='bbox 631 863 759 933; x_wconf 77' lang='lat' dir='ltr'><strong>Catullo</strong></span> <span class='ocrx_word' id='word_1_35' title='bbox 773 887 848 939; x_wconf 89' lang='lat' dir='ltr'><strong>meo</strong></span> <span class='ocrx_word' id='word_1_36' title='bbox 864 868 1011 944; x_wconf 79' lang='lat' dir='ltr'><strong>avocavit</strong></span> <span class='ocrx_word' id='word_1_37' title='bbox 1022 869 1106 937; x_wconf 85' lang='lat' dir='ltr'><strong>Rei·</strong></span> 
     </span>
    </p>
   </div>
   <div class='ocr_carea' id='block_1_7' title="bbox 10 988 1107 1081">
    <p class='ocr_par' dir='ltr' id='par_1_7' title="bbox 10 988 1107 1081">
     <span class='ocr_line' id='line_1_9' title="bbox 10 988 1107 1081; baseline 0.018 -36"><span class='ocrx_word' id='word_1_38' title='bbox 10 1038 13 1045; x_wconf 88' lang='lat'><em>.</em></span> <span class='ocrx_word' id='word_1_39' title='bbox 59 1009 178 1069; x_wconf 66' lang='lat' dir='ltr'><strong>meus,</strong></span> <span class='ocrx_word' id='word_1_40' title='bbox 216 988 275 1077; x_wconf 82' lang='lat' dir='ltr'><strong>qui</strong></span> <span class='ocrx_word' id='word_1_41' title='bbox 293 1010 401 1076; x_wconf 83' lang='lat' dir='ltr'><strong>¹quum</strong></span> <span class='ocrx_word' id='word_1_42' title='bbox 428 988 597 1058; x_wconf 89' lang='lat' dir='ltr'><strong>divenditis</strong></span> <span class='ocrx_word' id='word_1_43' title='bbox 627 991 875 1081; x_wconf 83' lang='lat' dir='ltr'><strong>exemplaribus·</strong></span> <span class='ocrx_word' id='word_1_44' title='bbox 890 995 1107 1071; x_wconf 81' lang='lat' dir='ltr'><strong>constituisset</strong></span> 
     </span>
    </p>
   </div>
   <div class='ocr_carea' id='block_1_8' title="bbox 58 1098 1111 1477">
    <p class='ocr_par' dir='ltr' id='par_1_8' title="bbox 58 1098 1111 1477">
     <span class='ocr_line' id='line_1_10' title="bbox 59 1098 1111 1223; baseline 0.007 -38"><span class='ocrx_word' id='word_1_45' title='bbox 59 1115 229 1223; x_wconf 69' lang='lat' dir='ltr'><strong>b&#39;ursellini</strong></span> <span class='ocrx_word' id='word_1_46' title='bbox 252 1116 369 1184; x_wconf 91' lang='lat' dir='ltr'><strong>librum</strong></span> <span class='ocrx_word' id='word_1_47' title='bbox 388 1098 504 1185; x_wconf 89' lang='lat' dir='ltr'><strong>iterum</strong></span> <span class='ocrx_word' id='word_1_48' title='bbox 525 1117 649 1200; x_wconf 84' lang='lat' dir='ltr'><strong>edere,</strong></span> <span class='ocrx_word' id='word_1_49' title='bbox 673 1129 707 1187; x_wconf 86' lang='lat' dir='ltr'><strong>et</strong></span> <span class='ocrx_word' id='word_1_50' title='bbox 726 1142 786 1210; x_wconf 90' lang='lat' dir='ltr'><strong>per</strong></span> <span class='ocrx_word' id='word_1_51' title='bbox 799 1121 887 1189; x_wconf 81' lang='lat' dir='ltr'><strong>alios</strong></span> <span class='ocrx_word' id='word_1_52' title='bbox 909 1120 1027 1203; x_wconf 85' lang='lat' dir='ltr'><strong>sciret,</strong></span> <span class='ocrx_word' id='word_1_53' title='bbox 1052 1102 1111 1191; x_wconf 74' lang='lat' dir='ltr'><strong>roro¹</strong></span> 
     </span>
     <span class='ocr_line' id='line_1_11' title="bbox 58 1243 1105 1339; baseline 0.006 -26"><span class='ocrx_word' id='word_1_54' title='bbox 58 1243 114 1313; x_wconf 81' lang='lat' dir='ltr'><strong>iam</strong></span> <span class='ocrx_word' id='word_1_55' title='bbox 124 1243 264 1313; x_wconf 82' lang='lat' dir='ltr'><strong>multant</strong></span> <span class='ocrx_word' id='word_1_56' title='bbox 277 1266 337 1333; x_wconf 82' lang='lat' dir='ltr'><strong>per</strong></span> <span class='ocrx_word' id='word_1_57' title='bbox 349 1254 474 1335; x_wconf 86' lang='lat' dir='ltr'><strong>tempus</strong></span> <span class='ocrx_word' id='word_1_58' title='bbox 489 1245 523 1313; x_wconf 91' lang='lat' dir='ltr'><strong>in</strong></span> <span class='ocrx_word' id='word_1_59' title='bbox 536 1246 600 1315; x_wconf 87' lang='lat' dir='ltr'><strong>boo</strong></span> <span class='ocrx_word' id='word_1_60' title='bbox 621 1246 729 1315; x_wconf 90' lang='lat' dir='ltr'><strong>studio</strong></span> <span class='ocrx_word' id='word_1_61' title='bbox 744 1248 880 1330; x_wconf 86' lang='lat' dir='ltr'><strong>versari,</strong></span> <span class='ocrx_word' id='word_1_62' title='bbox 903 1271 923 1316; x_wconf 90' lang='lat' dir='ltr'><strong>a</strong></span> <span class='ocrx_word' id='word_1_63' title='bbox 938 1272 990 1317; x_wconf 87' lang='lat' dir='ltr'><strong>me</strong></span> <span class='ocrx_word' id='word_1_64' title='bbox 1003 1249 1105 1339; x_wconf 78' lang='lat' dir='ltr'><strong>petiit,</strong></span> 
     </span>
     <span class='ocr_line' id='line_1_12' title="bbox 58 1370 1103 1477; baseline 0.007 -38"><span class='ocrx_word' id='word_1_65' title='bbox 58 1380 90 1439; x_wconf 89' lang='lat' dir='ltr'><strong>ut</strong></span> <span class='ocrx_word' id='word_1_66' title='bbox 100 1370 198 1439; x_wconf 88' lang='lat' dir='ltr'><strong>buius</strong></span> <span class='ocrx_word' id='word_1_67' title='bbox 213 1370 363 1443; x_wconf 74' lang='lat' dir='ltr'><strong>editionis</strong></span> <span class='ocrx_word' id='word_1_68' title='bbox 376 1371 538 1462; x_wconf 81' lang='lat' dir='ltr'><strong>parandae</strong></span> <span class='ocrx_word' id='word_1_69' title='bbox 554 1393 666 1441; x_wconf 86' lang='lat' dir='ltr'><strong>curam</strong></span> <span class='ocrx_word' id='word_1_70' title='bbox 679 1373 886 1465; x_wconf 73' lang='lat' dir='ltr'>susciperem.</span> <span class='ocrx_word' id='word_1_71' title='bbox 918 1379 1103 1477; x_wconf 75' lang='lat' dir='ltr'><strong>Atque-ego</strong></span> 
     </span>
    </p>
   </div>
   <div class='ocr_carea' id='block_1_9' title="bbox 10 1489 1104 1603">
    <p class='ocr_par' dir='ltr' id='par_1_9' title="bbox 10 1489 1104 1603">
     <span class='ocr_line' id='line_1_13' title="bbox 10 1489 1104 1603; baseline 0.005 -36"><span class='ocrx_word' id='word_1_72' title='bbox 10 1538 17 1567; x_wconf 56' lang='lat' dir='ltr'><strong>r</strong></span> <span class='ocrx_word' id='word_1_73' title='bbox 59 1498 310 1582; x_wconf 67' lang='lat' dir='ltr'><strong>emendatum,</strong></span> <span class='ocrx_word' id='word_1_74' title='bbox 332 1522 439 1591; x_wconf 88' lang='lat' dir='ltr'><strong>neque</strong></span> <span class='ocrx_word' id='word_1_75' title='bbox 460 1499 628 1572; x_wconf 87' lang='lat' dir='ltr'><strong>consilium</strong></span> <span class='ocrx_word' id='word_1_76' title='bbox 647 1500 712 1567; x_wconf 90' lang='lat' dir='ltr'><strong>boc</strong></span> <span class='ocrx_word' id='word_1_77' title='bbox 733 1524 753 1568; x_wconf 91' lang='lat' dir='ltr'><strong>a</strong></span> <span class='ocrx_word' id='word_1_78' title='bbox 778 1489 832 1577; x_wconf 86' lang='lat' dir='ltr'><strong>me</strong></span> <span class='ocrx_word' id='word_1_79' title='bbox 852 1505 991 1603; x_wconf 73' lang='lat' dir='ltr'><strong>ebenum</strong></span> <span class='ocrx_word' id='word_1_80' title='bbox 1010 1494 1104 1595; x_wconf 52' lang='lat' dir='ltr'><strong>puto:</strong></span> 
     </span>
    </p>
   </div>
   <div class='ocr_carea' id='block_1_10' title="bbox 59 1627 1150 1718">
    <p class='ocr_par' dir='ltr' id='par_1_10' title="bbox 59 1627 1150 1718">
     <span class='ocr_line' id='line_1_14' title="bbox 59 1627 1150 1718; baseline 0.003 -23"><span class='ocrx_word' id='word_1_81' title='bbox 59 1628 140 1695; x_wconf 84' lang='lat' dir='ltr'><strong>barn.</strong></span> <span class='ocrx_word' id='word_1_82' title='bbox 160 1628 310 1697; x_wconf 86' lang='lat' dir='ltr'><strong>-Novam</strong></span> <span class='ocrx_word' id='word_1_83' title='bbox 333 1627 433 1718; x_wconf 79' lang='lat' dir='ltr'><strong>igitur</strong></span> <span class='ocrx_word' id='word_1_84' title='bbox 454 1627 627 1697; x_wconf 81' lang='lat' dir='ltr'><strong>Turselliui</strong></span> <span class='ocrx_word' id='word_1_85' title='bbox 643 1628 823 1703; x_wconf 73' lang='lat' dir='ltr'><strong>,editionem</strong></span> <span class='ocrx_word' id='word_1_86' title='bbox 836 1654 964 1709; x_wconf 80' lang='lat' dir='ltr'><strong>curere</strong></span> <span class='ocrx_word' id='word_1_87' title='bbox 984 1633 1104 1705; x_wconf 84' lang='lat' dir='ltr'><strong>institui</strong></span> <span class='ocrx_word' id='word_1_88' title='bbox 1142 1682 1150 1698; x_wconf 91' lang='lat'><strong>.</strong></span> 
     </span>
    </p>
   </div>
   <div class='ocr_carea' id='block_1_11' title="bbox 10 1732 1104 1846">
    <p class='ocr_par' dir='ltr' id='par_1_11' title="bbox 10 1732 1104 1846">
     <span class='ocr_line' id='line_1_15' title="bbox 10 1732 1104 1846; baseline 0.001 -21"><span class='ocrx_word' id='word_1_89' title='bbox 10 1732 14 1825; x_wconf 69' lang='lat' dir='ltr'><strong>l</strong></span> <span class='ocrx_word' id='word_1_90' title='bbox 61 1756 175 1825; x_wconf 82' lang='lat' dir='ltr'><strong>iseum</strong></span> <span class='ocrx_word' id='word_1_91' title='bbox 193 1755 346 1837; x_wconf 90' lang='lat' dir='ltr'><strong>modum,</strong></span> <span class='ocrx_word' id='word_1_92' title='bbox 364 1779 428 1843; x_wconf 87' lang='lat' dir='ltr'><strong>quo</strong></span> <span class='ocrx_word' id='word_1_93' title='bbox 451 1766 503 1836; x_wconf 86' lang='lat' dir='ltr'><strong>tu,</strong></span> <span class='ocrx_word' id='word_1_94' title='bbox 526 1758 730 1839; x_wconf 72' lang='lat' dir='ltr'><strong>Hermanno,</strong></span> <span class='ocrx_word' id='word_1_95' title='bbox 756 1757 873 1846; x_wconf 83' lang='lat' dir='ltr'><strong>-Vigeri</strong></span> <span class='ocrx_word' id='word_1_96' title='bbox 895 1758 1013 1825; x_wconf 89' lang='lat' dir='ltr'><strong>librum</strong></span> <span class='ocrx_word' id='word_1_97' title='bbox 1031 1782 1104 1833; x_wconf 64' lang='lat' dir='ltr'><strong>‚me-</strong></span> 
     </span>
    </p>
   </div>
   <div class='ocr_carea' id='block_1_12' title="bbox 10 1883 1136 1974">
    <p class='ocr_par' dir='ltr' id='par_1_12' title="bbox 10 1883 1136 1974">
     <span class='ocr_line' id='line_1_16' title="bbox 10 1883 1136 1974; baseline -0.004 -23"><span class='ocrx_word' id='word_1_98' title='bbox 10 1932 13 1965; x_wconf 85' lang='lat'><strong>,</strong></span> <span class='ocrx_word' id='word_1_99' title='bbox 59 1883 165 1951; x_wconf 87' lang='lat' dir='ltr'><strong>liorem</strong></span> <span class='ocrx_word' id='word_1_100' title='bbox 176 1883 320 1952; x_wconf 88' lang='lat' dir='ltr'><strong>reddere</strong></span> <span class='ocrx_word' id='word_1_101' title='bbox 342 1907 445 1972; x_wconf 89' lang='lat' dir='ltr'><strong>quam·</strong></span> <span class='ocrx_word' id='word_1_102' title='bbox 459 1907 577 1951; x_wconf 89' lang='lat' dir='ltr'><strong>novum</strong></span> <span class='ocrx_word' id='word_1_103' title='bbox 590 1885 733 1953; x_wconf 89' lang='lat' dir='ltr'><strong>scribere</strong></span> <span class='ocrx_word' id='word_1_104' title='bbox 750 1885 896 1953; x_wconf 78' lang='lat' dir='ltr'><strong>maluisti.</strong></span> <span class='ocrx_word' id='word_1_105' title='bbox 941 1887 982 1964; x_wconf 74' lang='lat' dir='ltr'><strong>At</strong></span> <span class='ocrx_word' id='word_1_106' title='bbox 994 1887 1136 1974; x_wconf 58' lang='lat' dir='ltr'><strong>povillo?</strong></span> 
     </span>
    </p>
   </div>
   <div class='ocr_carea' id='block_1_13' title="bbox 10 1978 1102 2141">
    <p class='ocr_par' dir='ltr' id='par_1_13' title="bbox 10 1978 1102 2141">
     <span class='ocr_line' id='line_1_17' title="bbox 10 1978 1102 2141; baseline -0.019 -56"><span class='ocrx_word' id='word_1_107' title='bbox 10 1978 20 2141; x_wconf 37' lang='grc' dir='ltr'><strong>Ιι.</strong></span> <span class='ocrx_word' id='word_1_108' title='bbox 59 2011 258 2101; x_wconf 78' lang='lat' dir='ltr'><strong>pootmntavi</strong></span> <span class='ocrx_word' id='word_1_109' title='bbox 277 2011 361 2079; x_wconf 84' lang='lat' dir='ltr'><strong>hunc</strong></span> <span class='ocrx_word' id='word_1_110' title='bbox 375 2010 573 2083; x_wconf 69' lang='lat' dir='ltr'><strong>sententiam.</strong></span> <span class='ocrx_word' id='word_1_111' title='bbox 615 2013 701 2083; x_wconf 85' lang='lat' dir='ltr'><strong>Nam</strong></span> <span class='ocrx_word' id='word_1_112' title='bbox 720 2034 818 2099; x_wconf 84' lang='lat' dir='ltr'><strong>quum</strong></span> <span class='ocrx_word' id='word_1_113' title='bbox 834 2011 1007 2083; x_wconf 68' lang='lat' dir='ltr'><strong>Reimerus</strong></span> <span class='ocrx_word' id='word_1_114' title='bbox 1021 2013 1102 2091; x_wconf 71' lang='lat' dir='ltr'><strong>fibe-</strong></span> 
     </span>
    </p>
   </div>
   <div class='ocr_carea' id='block_1_14' title="bbox 10 2338 17 2383">
    <p class='ocr_par' dir='ltr' id='par_1_14' title="bbox 10 2338 17 2383">
     <span class='ocr_line' id='line_1_18' title="bbox 10 2338 17 2383; baseline 0 0"><span class='ocrx_word' id='word_1_115' title='bbox 10 2338 17 2383; x_wconf 86' lang='lat' dir='ltr'><strong>l</strong></span> 
     </span>
    </p>
   </div>
   <div class='ocr_carea' id='block_1_15' title="bbox 54 2138 1206 3638">
    <p class='ocr_par' dir='ltr' id='par_1_15' title="bbox 54 2138 1206 3638">
     <span class='ocr_line' id='line_1_19' title="bbox 59 2138 1102 2237; baseline 0 -30"><span class='ocrx_word' id='word_1_116' title='bbox 59 2160 121 2207; x_wconf 90' lang='lat' dir='ltr'><strong>rum</strong></span> <span class='ocrx_word' id='word_1_117' title='bbox 140 2140 238 2207; x_wconf 83' lang='lat' dir='ltr'><strong>lunius</strong></span> <span class='ocrx_word' id='word_1_118' title='bbox 262 2138 310 2207; x_wconf 85' lang='lat' dir='ltr'><strong>rei</strong></span> <span class='ocrx_word' id='word_1_119' title='bbox 334 2138 482 2229; x_wconf 79' lang='lat' dir='ltr'><strong>agendae</strong></span> <span class='ocrx_word' id='word_1_120' title='bbox 496 2139 668 2207; x_wconf 84' lang='lat' dir='ltr'><strong>arbitrium</strong></span> <span class='ocrx_word' id='word_1_121' title='bbox 696 2138 774 2205; x_wconf 92' lang='lat' dir='ltr'><strong>mihi</strong></span> <span class='ocrx_word' id='word_1_122' title='bbox 794 2138 1014 2229; x_wconf 84' lang='lat' dir='ltr'><strong>permisisset,</strong></span> <span class='ocrx_word' id='word_1_123' title='bbox 1035 2152 1102 2237; x_wconf 77' lang='lat' dir='ltr'><strong>ego</strong></span> 
     </span>
     <span class='ocr_line' id='line_1_20' title="bbox 59 2266 1206 2371; baseline 0.001 -37"><span class='ocrx_word' id='word_1_124' title='bbox 59 2277 159 2335; x_wconf 71' lang='lat' dir='ltr'><strong>artem</strong></span> <span class='ocrx_word' id='word_1_125' title='bbox 179 2266 341 2347; x_wconf 88' lang='lat' dir='ltr'><strong>viderem,</strong></span> <span class='ocrx_word' id='word_1_126' title='bbox 371 2266 405 2333; x_wconf 92' lang='lat' dir='ltr'><strong>in</strong></span> <span class='ocrx_word' id='word_1_127' title='bbox 426 2266 599 2335; x_wconf 80' lang='lat' dir='ltr'><strong>Tursellini</strong></span> <span class='ocrx_word' id='word_1_128' title='bbox 621 2267 703 2371; x_wconf 77' lang='lat' dir='ltr'><strong>libro</strong></span> <span class='ocrx_word' id='word_1_129' title='bbox 727 2267 886 2356; x_wconf 85' lang='lat' dir='ltr'><strong>permulta</strong></span> <span class='ocrx_word' id='word_1_130' title='bbox 907 2277 940 2334; x_wconf 89' lang='lat' dir='ltr'><strong>et</strong></span> <span class='ocrx_word' id='word_1_131' title='bbox 961 2267 1041 2334; x_wconf 83' lang='lat' dir='ltr'><strong>falsa</strong></span> <span class='ocrx_word' id='word_1_132' title='bbox 1068 2274 1103 2335; x_wconf 87' lang='lat' dir='ltr'><strong>et</strong></span> <span class='ocrx_word' id='word_1_133' title='bbox 1203 2326 1206 2335; x_wconf 90' lang='grc'><em>,</em></span> 
     </span>
     <span class='ocr_line' id='line_1_21' title="bbox 58 2394 1101 2482; baseline -0.001 -21"><span class='ocrx_word' id='word_1_134' title='bbox 58 2394 230 2477; x_wconf 73' lang='lat' dir='ltr'><strong>inutilia,et</strong></span> <span class='ocrx_word' id='word_1_135' title='bbox 250 2394 354 2461; x_wconf 87' lang='lat' dir='ltr'><strong>aliena</strong></span> <span class='ocrx_word' id='word_1_136' title='bbox 377 2416 466 2472; x_wconf 88' lang='lat' dir='ltr'><strong>esse,</strong></span> <span class='ocrx_word' id='word_1_137' title='bbox 488 2404 584 2482; x_wconf 89' lang='lat' dir='ltr'><strong>atque</strong></span> <span class='ocrx_word' id='word_1_138' title='bbox 607 2394 845 2474; x_wconf 83' lang='lat' dir='ltr'><strong>annotationes,</strong></span> <span class='ocrx_word' id='word_1_139' title='bbox 872 2395 986 2482; x_wconf 88' lang='lat' dir='ltr'><strong>quibus</strong></span> <span class='ocrx_word' id='word_1_140' title='bbox 1010 2416 1101 2461; x_wconf 89' lang='lat' dir='ltr'><strong>erro·</strong></span> 
     </span>
     <span class='ocr_line' id='line_1_22' title="bbox 58 2520 1101 2620; baseline -0.002 -29"><span class='ocrx_word' id='word_1_141' title='bbox 58 2544 106 2591; x_wconf 90' lang='lat' dir='ltr'><strong>res</strong></span> <span class='ocrx_word' id='word_1_142' title='bbox 126 2523 372 2614; x_wconf 80' lang='lat' dir='ltr'><strong>corrigerentur</strong></span> <span class='ocrx_word' id='word_1_143' title='bbox 394 2532 427 2589; x_wconf 92' lang='lat' dir='ltr'><strong>et</strong></span> <span class='ocrx_word' id='word_1_144' title='bbox 442 2522 578 2588; x_wconf 88' lang='lat' dir='ltr'><strong>omissae</strong></span> <span class='ocrx_word' id='word_1_145' title='bbox 597 2532 705 2612; x_wconf 85' lang='lat' dir='ltr'><strong>partes</strong></span> <span class='ocrx_word' id='word_1_146' title='bbox 719 2520 929 2620; x_wconf 84' lang='lat' dir='ltr'><strong>adderentur,</strong></span> <span class='ocrx_word' id='word_1_147' title='bbox 951 2523 1101 2589; x_wconf 87' lang='lat' dir='ltr'><strong>volumen</strong></span> 
     </span>
     <span class='ocr_line' id='line_1_23' title="bbox 57 2649 1100 2741; baseline -0.006 -21"><span class='ocrx_word' id='word_1_148' title='bbox 57 2649 120 2741; x_wconf 80' lang='lat' dir='ltr'><strong>ipso</strong></span> <span class='ocrx_word' id='word_1_149' title='bbox 133 2652 268 2741; x_wconf 74' lang='lat' dir='ltr'><strong>mitiquo</strong></span> <span class='ocrx_word' id='word_1_150' title='bbox 282 2672 383 2741; x_wconf 89' lang='lat' dir='ltr'><strong>opere</strong></span> <span class='ocrx_word' id='word_1_151' title='bbox 403 2649 505 2717; x_wconf 88' lang='lat' dir='ltr'><strong>maius</strong></span> <span class='ocrx_word' id='word_1_152' title='bbox 525 2651 705 2739; x_wconf 81' lang='lat' dir='ltr'><strong>postulare,</strong></span> <span class='ocrx_word' id='word_1_153' title='bbox 725 2650 803 2717; x_wconf 90' lang='lat' dir='ltr'><strong>nihil</strong></span> <span class='ocrx_word' id='word_1_154' title='bbox 822 2672 994 2738; x_wconf 82' lang='lat' dir='ltr'><strong>superesse</strong></span> <span class='ocrx_word' id='word_1_155' title='bbox 1018 2671 1100 2739; x_wconf 81' lang='lat' dir='ltr'><strong>cog·</strong></span> 
     </span>
     <span class='ocr_line' id='line_1_24' title="bbox 56 2775 1101 2868; baseline -0.003 -23"><span class='ocrx_word' id='word_1_156' title='bbox 56 2779 142 2861; x_wconf 84' lang='lat' dir='ltr'><strong>tovi,</strong></span> <span class='ocrx_word' id='word_1_157' title='bbox 155 2802 256 2868; x_wconf 87' lang='lat' dir='ltr'><strong>quam</strong></span> <span class='ocrx_word' id='word_1_158' title='bbox 268 2788 306 2847; x_wconf 90' lang='lat' dir='ltr'><strong>nt</strong></span> <span class='ocrx_word' id='word_1_159' title='bbox 317 2778 404 2846; x_wconf 89' lang='lat' dir='ltr'><strong>bunc</strong></span> <span class='ocrx_word' id='word_1_160' title='bbox 423 2776 539 2844; x_wconf 90' lang='lat' dir='ltr'><strong>ducem</strong></span> <span class='ocrx_word' id='word_1_161' title='bbox 556 2777 787 2867; x_wconf 84' lang='lat' dir='ltr'><strong>relinquerem,</strong></span> <span class='ocrx_word' id='word_1_162' title='bbox 803 2787 836 2844; x_wconf 91' lang='lat' dir='ltr'><strong>et</strong></span> <span class='ocrx_word' id='word_1_163' title='bbox 849 2800 968 2843; x_wconf 91' lang='lat' dir='ltr'><strong>novum</strong></span> <span class='ocrx_word' id='word_1_164' title='bbox 984 2775 1101 2843; x_wconf 91' lang='lat' dir='ltr'><strong>librum</strong></span> 
     </span>
     <span class='ocr_line' id='line_1_25' title="bbox 55 2904 1101 2996; baseline 0 -23"><span class='ocrx_word' id='word_1_165' title='bbox 55 2928 290 2996; x_wconf 79' lang='lat' dir='ltr'><strong>componerem.</strong></span> <span class='ocrx_word' id='word_1_166' title='bbox 341 2910 414 2984; x_wconf 80' lang='lat' dir='ltr'><strong>Quo</strong></span> <span class='ocrx_word' id='word_1_167' title='bbox 443 2906 563 2973; x_wconf 86' lang='lat' dir='ltr'><strong>factum</strong></span> <span class='ocrx_word' id='word_1_168' title='bbox 591 2914 654 2986; x_wconf 85' lang='lat' dir='ltr'><strong>est,</strong></span> <span class='ocrx_word' id='word_1_169' title='bbox 690 2914 726 2970; x_wconf 93' lang='lat' dir='ltr'><strong>ut</strong></span> <span class='ocrx_word' id='word_1_170' title='bbox 753 2915 881 2993; x_wconf 87' lang='lat' dir='ltr'><strong>praeter</strong></span> <span class='ocrx_word' id='word_1_171' title='bbox 911 2904 1101 2993; x_wconf 73' lang='lat' dir='ltr'><strong>exemplat</strong></span> 
     </span>
     <span class='ocr_line' id='line_1_26' title="bbox 55 3031 1101 3132; baseline 0 -31"><span class='ocrx_word' id='word_1_172' title='bbox 55 3032 237 3101; x_wconf 64' lang='lat' dir='ltr'><strong>Tursellino</strong></span> <span class='ocrx_word' id='word_1_173' title='bbox 262 3044 296 3103; x_wconf 90' lang='lat' dir='ltr'><strong>et</strong></span> <span class='ocrx_word' id='word_1_174' title='bbox 315 3059 336 3102; x_wconf 85' lang='lat' dir='ltr'><strong>o</strong></span> <span class='ocrx_word' id='word_1_175' title='bbox 355 3033 551 3102; x_wconf 83' lang='lat' dir='ltr'><strong>Schwartzio</strong></span> <span class='ocrx_word' id='word_1_176' title='bbox 573 3033 668 3101; x_wconf 86' lang='lat' dir='ltr'><strong>allata</strong></span> <span class='ocrx_word' id='word_1_177' title='bbox 688 3031 766 3103; x_wconf 84' lang='lat' dir='ltr'><strong>nibil</strong></span> <span class='ocrx_word' id='word_1_178' title='bbox 786 3032 914 3100; x_wconf 88' lang='lat' dir='ltr'><strong>omnino</strong></span> <span class='ocrx_word' id='word_1_179' title='bbox 935 3041 1101 3132; x_wconf 70' lang='lat' dir='ltr'><strong>repetere-¹</strong></span> 
     </span>
     <span class='ocr_line' id='line_1_27' title="bbox 54 3155 1099 3252; baseline -0.006 -21"><span class='ocrx_word' id='word_1_180' title='bbox 54 3172 119 3245; x_wconf 89' lang='lat' dir='ltr'><strong>tur,</strong></span> <span class='ocrx_word' id='word_1_181' title='bbox 141 3173 178 3231; x_wconf 91' lang='lat' dir='ltr'><strong>et</strong></span> <span class='ocrx_word' id='word_1_182' title='bbox 199 3162 228 3230; x_wconf 87' lang='lat' dir='ltr'><strong>si</strong></span> <span class='ocrx_word' id='word_1_183' title='bbox 245 3164 433 3252; x_wconf 83' lang='lat' dir='ltr'><strong>quaeboua</strong></span> <span class='ocrx_word' id='word_1_184' title='bbox 458 3161 639 3229; x_wconf 90' lang='lat' dir='ltr'><strong>observatio</strong></span> <span class='ocrx_word' id='word_1_185' title='bbox 661 3166 864 3238; x_wconf 84' lang='lat' dir='ltr'><strong>occurreret,</strong></span> <span class='ocrx_word' id='word_1_186' title='bbox 893 3182 934 3227; x_wconf 82' lang='lat' dir='ltr'><strong>ee</strong></span> <span class='ocrx_word' id='word_1_187' title='bbox 954 3157 1031 3247; x_wconf 89' lang='lat' dir='ltr'><strong>ipsis</strong></span> <span class='ocrx_word' id='word_1_188' title='bbox 1049 3155 1099 3225; x_wconf 89' lang='lat' dir='ltr'><strong>hia</strong></span> 
     </span>
     <span class='ocr_line' id='line_1_28' title="bbox 54 3276 1101 3380; baseline -0.009 -21"><span class='ocrx_word' id='word_1_189' title='bbox 54 3276 238 3359; x_wconf 69' lang='lat' dir='ltr'><strong>mctoribus</strong></span> <span class='ocrx_word' id='word_1_190' title='bbox 276 3289 460 3380; x_wconf 81' lang='lat' dir='ltr'><strong>singulatim</strong></span> <span class='ocrx_word' id='word_1_191' title='bbox 486 3287 743 3358; x_wconf 79' lang='lat' dir='ltr'><strong>adscriberetur:</strong></span> <span class='ocrx_word' id='word_1_192' title='bbox 787 3298 896 3355; x_wconf 91' lang='lat' dir='ltr'><strong>tamen</strong></span> <span class='ocrx_word' id='word_1_193' title='bbox 926 3284 1101 3354; x_wconf 81' lang='lat' dir='ltr'><strong>Turselliui</strong></span> 
     </span>
     <span class='ocr_line' id='line_1_29' title="bbox 56 3413 1099 3502; baseline -0.008 -16"><span class='ocrx_word' id='word_1_194' title='bbox 56 3440 167 3486; x_wconf 82' lang='lat' dir='ltr'><strong>nomeu</strong></span> <span class='ocrx_word' id='word_1_195' title='bbox 190 3419 224 3486; x_wconf 91' lang='lat' dir='ltr'><strong>in</strong></span> <span class='ocrx_word' id='word_1_196' title='bbox 245 3419 337 3485; x_wconf 90' lang='lat' dir='ltr'><strong>titulo</strong></span> <span class='ocrx_word' id='word_1_197' title='bbox 359 3416 482 3484; x_wconf 83' lang='lat' dir='ltr'><strong>servavi</strong></span> <span class='ocrx_word' id='word_1_198' title='bbox 511 3417 643 3483; x_wconf 89' lang='lat' dir='ltr'><strong>honoris</strong></span> <span class='ocrx_word' id='word_1_199' title='bbox 664 3424 794 3497; x_wconf 76' lang='lat' dir='ltr'><strong>cumea,</strong></span> <span class='ocrx_word' id='word_1_200' title='bbox 817 3440 858 3483; x_wconf 88' lang='lat' dir='ltr'><strong>ne</strong></span> <span class='ocrx_word' id='word_1_201' title='bbox 882 3415 926 3495; x_wconf 77' lang='lat' dir='ltr'><strong>is,</strong></span> <span class='ocrx_word' id='word_1_202' title='bbox 948 3413 1004 3502; x_wconf 89' lang='lat' dir='ltr'><strong>qui</strong></span> <span class='ocrx_word' id='word_1_203' title='bbox 1025 3421 1099 3479; x_wconf 85' lang='lat' dir='ltr'><strong>ante</strong></span> 
     </span>
     <span class='ocr_line' id='line_1_30' title="bbox 57 3542 1099 3638; baseline -0.008 -24"><span class='ocrx_word' id='word_1_204' title='bbox 57 3546 270 3638; x_wconf 73' lang='lat' dir='ltr'><strong>aliosprimus</strong></span> <span class='ocrx_word' id='word_1_205' title='bbox 293 3556 327 3612; x_wconf 89' lang='lat' dir='ltr'><strong>et</strong></span> <span class='ocrx_word' id='word_1_206' title='bbox 347 3546 430 3613; x_wconf 88' lang='lat' dir='ltr'><strong>iuter</strong></span> <span class='ocrx_word' id='word_1_207' title='bbox 444 3544 564 3634; x_wconf 88' lang='lat' dir='ltr'><strong>primos</strong></span> <span class='ocrx_word' id='word_1_208' title='bbox 582 3543 766 3634; x_wconf 75' lang='lat' dir='ltr'><strong>diligentius</strong></span> <span class='ocrx_word' id='word_1_209' title='bbox 787 3542 872 3613; x_wconf 85' lang='lat' dir='ltr'><strong>banc</strong></span> <span class='ocrx_word' id='word_1_210' title='bbox 892 3565 962 3611; x_wconf 88' lang='lat' dir='ltr'><strong>rem</strong></span> <span class='ocrx_word' id='word_1_211' title='bbox 980 3548 1099 3609; x_wconf 86' lang='lat' dir='ltr'><strong>tracta-</strong></span> 
     </span>
    </p>
   </div>
   <div class='ocr_carea' id='block_1_16' title="bbox 17 3667 1099 3754">
    <p class='ocr_par' dir='ltr' id='par_1_16' title="bbox 17 3667 1099 3754">
     <span class='ocr_line' id='line_1_31' title="bbox 17 3667 1099 3754; baseline -0.009 -13"><span class='ocrx_word' id='word_1_212' title='bbox 17 3710 21 3721; x_wconf 91' lang='lat'><em>·</em></span> <span class='ocrx_word' id='word_1_213' title='bbox 54 3673 114 3754; x_wconf 85' lang='lat' dir='ltr'><strong>vit,</strong></span> <span class='ocrx_word' id='word_1_214' title='bbox 132 3686 164 3743; x_wconf 88' lang='lat' dir='ltr'><strong>ot</strong></span> <span class='ocrx_word' id='word_1_215' title='bbox 177 3672 502 3741; x_wconf 78' lang='lat' dir='ltr'><strong>fundamente2hnius</strong></span> <span class='ocrx_word' id='word_1_216' title='bbox 523 3670 689 3740; x_wconf 88' lang='lat' dir='ltr'><strong>doctrinae</strong></span> <span class='ocrx_word' id='word_1_217' title='bbox 702 3673 794 3753; x_wconf 85' lang='lat' dir='ltr'><strong>iecit,</strong></span> <span class='ocrx_word' id='word_1_218' title='bbox 814 3671 973 3739; x_wconf 91' lang='lat' dir='ltr'><strong>oblivione</strong></span> <span class='ocrx_word' id='word_1_219' title='bbox 995 3667 1099 3733; x_wconf 87' lang='lat' dir='ltr'><strong>homi-</strong></span> 
     </span>
    </p>
   </div>
   <div class='ocr_carea' id='block_1_17' title="bbox 53 3778 1100 4012">
    <p class='ocr_par' dir='ltr' id='par_1_17' title="bbox 53 3778 1100 4012">
     <span class='ocr_line' id='line_1_32' title="bbox 53 3778 1100 3888; baseline -0.028 -18"><span class='ocrx_word' id='word_1_220' title='bbox 53 3824 125 3871; x_wconf 85' lang='lat' dir='ltr'><strong>num</strong></span> <span class='ocrx_word' id='word_1_221' title='bbox 151 3778 356 3871; x_wconf 81' lang='lat' dir='ltr'><strong>obrueretur.</strong></span> <span class='ocrx_word' id='word_1_222' title='bbox 414 3803 614 3888; x_wconf 77' lang='lat' dir='ltr'><strong>Quamquam</strong></span> <span class='ocrx_word' id='word_1_223' title='bbox 640 3801 739 3881; x_wconf 89' lang='lat' dir='ltr'><strong>liber,</strong></span> <span class='ocrx_word' id='word_1_224' title='bbox 771 3801 825 3888; x_wconf 87' lang='lat' dir='ltr'><strong>qui</strong></span> <span class='ocrx_word' id='word_1_225' title='bbox 858 3800 889 3868; x_wconf 77' lang='lat' dir='ltr'><strong>in</strong></span> <span class='ocrx_word' id='word_1_226' title='bbox 921 3793 1100 3863; x_wconf 63' lang='lat' dir='ltr'><strong>novissimi,</strong></span> 
     </span>
     <span class='ocr_line' id='line_1_33' title="bbox 53 3928 1097 4012; baseline -0.021 -9"><span class='ocrx_word' id='word_1_227' title='bbox 53 3929 245 4001; x_wconf 81' lang='lat' dir='ltr'><strong>editionibus</strong></span> <span class='ocrx_word' id='word_1_228' title='bbox 272 3929 410 4001; x_wconf 87' lang='lat' dir='ltr'><strong>Horatio</strong></span> <span class='ocrx_word' id='word_1_229' title='bbox 441 3928 624 4000; x_wconf 76' lang='lat' dir='ltr'><strong>Turscllino</strong></span> <span class='ocrx_word' id='word_1_230' title='bbox 653 3929 817 4012; x_wconf 85' lang='lat' dir='ltr'><strong>tribuitur,</strong></span> <span class='ocrx_word' id='word_1_231' title='bbox 845 3929 969 4007; x_wconf 90' lang='lat' dir='ltr'><strong>abeo,</strong></span> <span class='ocrx_word' id='word_1_232' title='bbox 1001 3945 1097 4012; x_wconf 77' lang='lat' dir='ltr'><strong>quem</strong></span> 
     </span>
    </p>
   </div>
   <div class='ocr_carea' id='block_1_18' title="bbox 0 0 1314 4770">
    <p class='ocr_par' dir='ltr' id='par_1_18' title="bbox 0 0 1314 4770">
     <span class='ocr_line' id='line_1_34' title="bbox 0 0 1314 4770; baseline 0 2"><span class='ocrx_word' id='word_1_233' title='bbox 0 0 1314 4770; x_wconf 95' lang='lat' dir='ltr'><strong> </strong></span> 
     </span>
    </p>
   </div>
  </div>
 </body>
</html>
