2618 4770
122 316 188 393 642
539 338 547 351 ·
596 304 718 384 AVT.

189 483 273 528 retur.
307 470 363 525 cic.
380 469 415 523 de
432 466 507 526 Orat.
524 469 557 536 1,
572 468 608 538 2,
623 469 651 525 6.
666 472 761 543 meris
779 480 831 526 ant
846 468 1073 530 metesansatts
1090 468 1173 530 nobis.

190 560 210 616 i.
231 578 255 613 e.
273 556 342 612 oder
354 553 499 611 oielmeirr.
533 554 589 607 Cic.
609 560 683 609 Orat.
701 558 736 623 2,
755 555 781 609 5.
800 556 901 632 reliqui
914 584 952 600 -
971 562 1088 633 erponi
1106 571 1172 626 sant,

191 644 259 718 qaid
277 637 403 716 efficere,
422 651 473 694 aut
492 658 547 710 ereo
568 640 702 713 progredi
720 654 845 714 possent.
881 646 913 695 In
931 643 1042 696 Sallust.
1060 646 1119 713 ing.
1135 643 1171 712 82,

190 731 218 786 3.
237 728 401 784 restituenda
418 737 460 779 est
475 728 583 796 antiqua
599 714 739 796 sodptura.
757 729 859 797 Vulgo:
870 723 967 798 fuere,
986 730 1170 802 qniamoeor·

190 819 270 888 rapti
284 810 450 886 elephantos
470 809 622 882 Iugurthae
639 811 795 878 nataae,
820 812 874 868 aiii
890 807 1034 886 passages
1050 812 1169 884 rendae.

191 906 289 954 Omnes
307 897 386 952 codd.
402 895 571 960 venderent,
589 897 660 973 quod
678 914 756 966 qaum
773 911 828 950 non
848 899 1005 952 conveniret
1022 915 1082 951 cnm
1100 907 1167 951 ants⁸

189 987 300 1042 cedente
317 981 381 1047 alii,
397 988 532 1035 mutarunt
550 980 598 1047 ita,
616 991 646 1034 ut
662 982 791 1051 pomaria,
814 983 864 1035 sed
880 983 1045 1036 inconcinna
1064 983 1167 1036 exeam

189 1082 234 1127 ret
251 1070 347 1125 oratio.
380 1071 415 1121 At
439 1069 551 1121 confusa
571 1076 633 1118 sunt
651 1066 807 1137 compendia
822 1066 864 1123 al’
880 1078 909 1122 et
926 1076 974 1139 ist,
990 1077 1074 1139 atquo
1089 1056 1166 1122 sorii-

192 1156 307 1228 gendnm
328 1161 370 1205 est
385 1163 436 1206 aut
452 1170 483 1224 p.
501 1148 660 1207 venderent.

119 1264 132 1331 f¹
185 1302 189 1307 Δ
223 1259 281 1312 cic.
307 1255 342 1309 de
360 1252 474 1322 Fiat,
497 1254 548 1325 18,
570 1252 614 1307 ts.
638 1255 668 1306 in
692 1254 770 1309 codd.
796 1256 909 1326 legitnrt
934 1255 1117 1324 videmusne,
1137 1263 1164 1309 ut

187 1345 269 1417 paeri
296 1361 331 1397 ne
353 1337 514 1396 verberibus
541 1337 654 1411 quidem
672 1360 690 1394 a
709 1341 933 1414 contemplandis
955 1343 1041 1401 sebas
1065 1344 1163 1419 perqui-

186 1429 334 1499 rendisque
352 1426 557 1491 deterreantur,
580 1435 633 1479 ant
649 1423 727 1496 pulsi
743 1430 903 1498 requirant,
926 1440 956 1484 et
970 1427 1087 1501 aiiqmd
1105 1429 1164 1481 scire

186 1534 217 1571 se
234 1512 402 1587 gaudeant?
426 1512 540 1563 Orellins
558 1511 587 1563 in
606 1512 723 1565 editione
741 1514 848 1566 Morelli
872 1533 900 1567 se
917 1513 1054 1568 invenisse
1075 1518 1164 1577 narret,

187 1612 220 1656 ut
237 1598 316 1672 pulsi
331 1606 481 1661 resumant,
497 1597 619 1666 ridetque
636 1615 691 1664 sos,
706 1597 752 1666 qui
768 1597 847 1650 aliter
863 1599 989 1652 sentiant.
1007 1597 1133 1668 Equidem
1144 1595 1165 1647 ei
1199 1620 1202 1625 ·

183 1705 240 1740 non
259 1683 365 1737 invideo
379 1683 432 1735 hoc
449 1679 585 1752 tenesne:
601 1700 661 1734 nam
677 1683 770 1736 Cicero
788 1683 854 1735 dicit
870 1685 951 1736 haec:
967 1684 1046 1754 pueri
1061 1700 1096 1734 ne
1110 1698 1164 1734 ver·

182 1771 290 1826 beribus
311 1768 418 1838 quidem
444 1768 628 1833 deterrentur,
655 1776 700 1819 aut
723 1768 746 1819 si
769 1768 838 1838 pulsi
865 1778 944 1835 sunt,
968 1778 1061 1820 tamen
1079 1765 1163 1835 requi-

183 1867 263 1922 rnnt,
278 1858 297 1906 i.
316 1873 339 1907 e.
358 1855 454 1906 iterum
472 1852 601 1919 redeunt,
620 1862 646 1905 et
668 1853 697 1906 in
712 1853 763 1906 hac
775 1853 919 1907 tenacitate
936 1853 1054 1921 gandent
1072 1849 1164 1921 aliquid

117 1952 157 2003 .'''·
185 1963 214 1998 se
233 1942 311 1996 scire.
344 1938 393 1991 Illa
409 1939 491 1992 rerba
511 1933 543 1991 ut
558 1948 698 1992 recurrant
715 1965 749 1980 ·-
770 1950 801 1993 nt
821 1938 1013 1991 substituerunt
1030 1947 1162 1991 correcto·

116 2062 133 2083 .·
183 2048 237 2084 res.
253 2027 312 2081 Liv.
329 2025 363 2090 8,
377 2022 429 2090 88,
448 2023 491 2078 11.
504 2018 642 2094 fremitus
659 2022 789 2093 aequalis
813 2033 945 2095 tenorque
961 2022 1040 2078 idem
1060 2040 1164 2095 pugnae

183 2118 214 2171 in
238 2105 478 2180 defatigationem
503 2107 632 2162 eitimam
657 2118 709 2160 out
731 2119 841 2162 noctem
861 2105 1020 2177 spectabat.
1054 2107 1161 2160 Benedi-

182 2211 240 2254 ctus
258 2196 325 2248 nihil
341 2196 458 2264 proiecit
480 2191 642 2246 emendando
659 2203 688 2248 et
705 2204 832 2246 noctem.-
855 2211 915 2244 nam
935 2204 987 2247 aut
1003 2203 1080 2246 recte
1095 2192 1162 2244 dice·

181 2295 270 2340 remr:
289 2281 356 2333 ahos
374 2281 402 2331 in
420 2280 657 2348 defatigationem,
676 2279 744 2331 alios
767 2280 796 2330 iu
821 2289 926 2332 noctem
951 2289 1097 2349 spectasse.
1133 2283 1162 2328 nt

116 2432 119 2437 *
181 2385 305 2441 quorsum
322 2365 438 2432 aequalis
456 2374 533 2415 tenor
550 2381 654 2432 pugnae
674 2365 833 2434 spectaverit
844 2365 873 2416 in
887 2364 1109 2433 defatigationem
1120 2363 1159 2414 ul·

179 2450 292 2506 timami
318 2448 432 2501 Gravior
453 2449 558 2501 subesse
582 2447 687 2501 videtur
712 2450 869 2518 corruptela.
905 2451 992 2503 Tacit.
1009 2453 1062 2505 An.
1084 2449 1116 2513 1,
1139 2445 1160 2499 8.

186 2535 353 2608 legionariis
370 2544 420 2586 aut
434 2531 593 2588 cohortibus
611 2536 712 2589 civium
726 2550 904 2600 romanorum
925 2553 1029 2590 ccccc
1044 2550 1162 2589 nummos

181 2621 287 2679 viritim
301 2617 390 2673 dedit.
401 2620 544 2671 sinednbio
554 2619 742 2672 emendandum
758 2627 798 2671 est
812 2639 845 2672 ac
859 2616 1031 2688 cohortibus,
1046 2637 1160 2691 neapot-

180 2715 241 2760 sunt
262 2704 387 2774 probari,
417 2722 482 2774 quae
499 2706 668 2773 Anquetilns,
685 2714 714 2756 ut
730 2716 779 2758 aut
796 2722 845 2774 pro
864 2715 893 2759 et
910 2707 1011 2758 dictum
1037 2725 1096 2758 esse
1116 2705 1158 2757 de·

179 2799 354 2855 monstraret,
380 2790 409 2841 in
434 2789 519 2841 libror
544 2789 674 2844 Extraits
693 2789 727 2842 de
753 2790 851 2844 Tacite
877 2791 954 2865 adh.
974 2793 995 2845 l.
1016 2790 1157 2844 annotavit.

144 2880 147 2885 ⁵
222 2897 294 2947 Inter
318 2893 517 2947 iurisconsultos
537 2911 616 2963 quum
643 2895 678 2946 dc
701 2911 778 2945 sensa
801 2894 973 2947 formularum
998 2895 1097 2950 Titias
1113 2902 1156 2947 ant

187 2978 279 3036 Gaius
296 2977 374 3033 teres
391 2989 472 3031 esto.-
490 2976 571 3031 illum
589 2988 639 3031 aut
655 2978 736 3032 illum
754 2976 870 3034 liberum
890 2998 949 3036 esse
965 2978 1055 3048 volo,
1075 2996 1158 3049 magns

180 3065 338 3136 disceptatio
354 3074 424 3114 esset
441 3063 570 3129 excitata,
590 3075 667 3133 atque
682 3065 727 3115 alii
746 3065 780 3116 ob
798 3052 1002 3118 disiunctionem
1017 3085 1099 3118 unum
1115 3066 1158 3118 he·

178 3151 270 3206 sedem
298 3149 478 3214 admisissent,
504 3149 597 3217 sique,
621 3150 666 3218 qni
684 3150 769 3219 primo
797 3150 857 3203 loco
886 3152 1036 3205 nominatus
1063 3154 1158 3215 fuisses,

180 3237 389 3308 praerogativam
409 3233 608 3298 concessissent,
627 3234 672 3286 alii
690 3245 776 3287 autem
793 3237 951 3304 particulam
978 3248 1031 3290 aut
1055 3239 1089 3291 de
1113 3237 1157 3289 he·

112 3353 114 3358 ·
173 3322 283 3379 sedibus
300 3319 446 3374 coniunctis
463 3329 491 3371 et
505 3320 655 3389 aequalibus
675 3320 777 3372 dictum
793 3340 849 3374 esse
875 3323 1053 3397 censuissent,
1081 3323 1157 3375 Iusti-

173 3408 285 3472 nianus‚
321 3415 352 3458 ut
379 3406 585 3458 controversiam
618 3406 775 3470 dirimeret,
809 3406 877 3458 hanc
904 3406 991 3476 legem
1024 3408 1159 3460 constituit

177 3493 244 3544 (iod.
264 3492 297 3543 de
318 3492 399 3545 Verb.
426 3491 516 3558 signif.
535 3491 568 3557 6,
585 3491 635 3560 38,
656 3492 683 3545 4.
709 3491 821 3548 Melius
845 3495 939 3564 itaque
964 3491 1048 3547 nobis
1073 3497 1157 3548 visum

175 3588 234 3645 est,
252 3577 329 3631 omni
341 3574 500 3630 huiusmodi
514 3572 684 3631 verbositate
706 3578 834 3648 explosa,
855 3578 1079 3633 coniunctionem
1099 3586 1160 3632 out

174 3681 227 3734 pro
249 3675 285 3718 et
303 3664 409 3733 accipi,
429 3671 460 3714 at
478 3659 609 3715 videatur
631 3662 805 3733 copulative,
818 3663 901 3716 modo
921 3680 979 3717 esse
996 3663 1116 3734 prolata
1134 3675 1160 3718 et

173 3752 266 3821 magis
289 3751 328 3803 sit
353 3741 588 3815 παραὸιᾶζευξις,
614 3758 646 3799 ut
671 3760 698 3803 et
715 3753 835 3820 primam
854 3765 1004 3818 personam
1031 3746 1156 3812 inducat,

173 3844 203 3889 et
223 3833 371 3889 secandam
389 3850 445 3900 non
462 3830 594 3902 repellat.
635 3831 875 3909 Quemadmodum
891 3834 979 3897 enim,
998 3831 1081 3890 verbi
1098 3852 1157 3906 gra·

175 3920 218 3973 tia
242 3920 272 3973 in
293 3917 442 3972 interdicto
463 3916 614 3989 qaodvi
631 3929 695 3973 aut
713 3917 822 3982 clam,
844 3929 908 3972 aut
926 3916 1089 3974 coniunctio
1108 3936 1156 3990 pro

173 4013 212 4056 et
230 4006 405 4074 apertissime
425 4006 522 4074 posita
550 4014 605 4057 est..
635 4005 694 4055 Hoc
719 4019 773 4054 non
798 4022 831 4055 eu
852 4003 955 4056 ratione
976 4005 1157 4070 grammatica,

174 4088 222 4139 ssd
239 4088 272 4140 de
288 4088 398 4140 arbitrio
418 4098 446 4140 st
471 4089 501 4140 in
520 4089 637 4163 fetorem
653 4104 841 4157 personarum,
865 4087 977 4140 maxime
994 4089 1158 4159 pupillorum

171 4171 306 4227 decretum
324 4183 397 4227 erat:
413 4189 474 4228 nam
490 4173 521 4227 in'
534 4182 652 4228 extrema
666 4172 726 4242 lege
737 4168 861 4227 ‘etatum
885 4181 943 4239 est,
970 4182 1002 4225 at
1021 4170 1054 4228 'in
1079 4175 1159 4230 rebus
