2618 4770
141 324 207 394 esa
275 333 276 336 ‘
328 317 692 443 auovaurrsms.
736 288 1034 444 moranno:
1089 336 1092 340 ⁴

24 475 46 492 ’“
139 475 272 545 Paullus
294 472 414 557 refert,
442 498 634 564 parumper
657 470 737 574 dici·
752 476 846 563 quasi
871 496 1086 564 perparum,
1119 496 1176 544 non

139 575 210 629 tam
225 562 385 627 absonum
401 572 470 643 cst,
494 584 594 650 quam
616 562 670 627 alii
686 562 939 649 existimarunta
959 562 1123 629 intellexit
1132 562 1174 629 illc

141 649 231 714 enim
245 647 524 732 augmentativum
541 669 626 733 per,
659 657 698 710 ut
721 645 904 733 explicaret
928 647 1031 712 valde
1044 668 1170 743 parant.

139 734 224 798 Nam
242 733 314 820 ipsa
330 730 411 794 hacc
429 743 477 795 est
498 733 665 818 primitiva
679 731 728 796 vis
743 731 980 819 particularum
995 733 1053 816 nia
1070 743 1104 797 et
1112 754 1168 818 per,

139 828 179 883 ut
193 824 304 883 totum
319 815 545 882 rei-ambitum
559 817 754 904 significent,
776 817 843 882 siva
857 824 1107 905 praeponantur
1117 840 1167 882 nc-

138 902 304 982 minibus,
327 901 395 964 sive
414 901 673 989 subiunganturz
702 901 803 967 veluti
824 884 923 988 ὅσπερ
951 913 1001 967 est
1015 903 1081 968 wie
1094 901 1164 969 cua.

138 987 274 1053 Latinus
291 1007 370 1049 vero
384 1006 460 1050 usus
477 987 511 1050 id
525 986 625 1051 habet
643 988 839 1075 proprium,
870 998 909 1051 ut
920 1008 1031 1074 pauca
1050 1010 1087 1058 ea
1107 998 1171 1053 rea¹

137 1073 199 1153 ba,
232 1069 349 1158 quibus
371 1093 436 1156 per
467 1071 599 1137 additur
621 1073 657 1136 in
682 1071 767 1155 fine,
801 1073 843 1136 do
871 1082 1025 1161 tempore
1055 1082 1179 1140 tantun

136 1165 346 1244 usurpentur,
388 1155 518 1220 Dicitur
537 1157 638 1244 igitur
654 1157 904 1246 aliquantisper
927 1180 993 1256 pro
1018 1157 1159 1245 aliquanto

135 1252 301 1330 temporo.
345 1239 507 1329 Exempla
526 1242 738 1307 inveniuntur
760 1244 795 1307 in
822 1243 1055 1328 antiqurssimis
1077 1243 1160 1331 poetis

137 1337 171 1393 et
184 1328 221 1391 in
236 1325 454 1412 scriptoribus
470 1327 588 1392 saeculi
603 1328 739 1400 secundi
753 1338 830 1417 post
854 1327 933 1395 Chr.
950 1351 985 1396 n·
1027 1328 1071 1405 Et
1092 1326 1159 1395 india

139 1422 233 1476 catur
251 1411 317 1475 hoc
332 1412 433 1475 verbo
451 1421 581 1500 tempus
600 1436 670 1477 non
686 1414 845 1498 longum,
863 1436 934 1477 non
949 1413 1059 1492 breve,
1076 1435 1178 1500 quam·

136 1507 211 1561 tum
226 1496 309 1561 resi
335 1518 370 1562 sa
391 1496 559 1565 admittat:
584 1499 658 1563 eine
686 1498 742 1563 W
737 1499 810 1566 sile.
848 1497 914 1562 vid.
936 1515 1157 1575 amotarum

137 1583 292 1651 Laurens
306 1518 401 1646 -llalla
414 1581 570 1668 -Eleganu
586 1589 627 1666 2,
647 1584 700 1652 48.
728 1585 768 1650 ad
791 1605 892 1650 unam
919 1583 1081 1672 temporis
1100 1582 1156 1649 bre-

121 1668 269 1736 *vitatom
283 1664 458 1732 referebat.

243 1787 345 1839 Nonius
363 1787 445 1839 Marc.
465 1784 507 1850 11,
524 1787 568 1840 20.
593 1786 794 1863 Quadrigarius
812 1786 965 1842 Annalium
984 1785 1033 1842 lib.
1051 1786 1080 1842 V
1078 1788 1099 1844 l·
1112 1784 1157 1844 Ali·

203 1873 365 1940 quantisper
382 1883 526 1941 pugnata:
542 1869 615 1925 nihil
628 1871 775 1941 promovet
790 1872 908 1937 Poenus.
947 1872 1051 1927 caecil.
1072 1864 1156 1927 Fallat.
1170 1882 1181 1899 ·'

203 1955 282 2015 Nam
302 1957 327 2008 si
344 1953 404 2018 illi,
426 1966 575 2024 postquam
591 1975 648 2010 rem
675 1967 823 2028 paternam
838 1934 1015 2025 amiserant,
1039 1967 1157 2030 aegestate

200 2040 404 2108 aliquantisper
422 2041 523 2093 iactati
539 2035 649 2109 forant.
684 2042 770 2097 Pluut.
790 2044 882 2099 Pseud.
906 2043 940 2105 1,
959 2038 1070 2107 5,.158.
1087 2060 1157 2096 conas·

201 2123 267 2178 dara
283 2122 486 2193 aliquantisper
503 2123 566 2176 laiac
582 2123 650 2179 arilli
671 2127 743 2179 intro
765 2124 842 2186 libat.
877 2129 985 2183 Terent.
992 2129 1085 2180 He'aut.
1100 2125 1128 2195 3,
1139 2123 1157 2189 l,

202 2208 245 2262 11.
273 2208 322 2258 Ad.
337 2204 373 2273 4,
392 2205 426 2270 5,
445 2206 471 2259 5.
488 2209 701 2275 Florus2,'18,
722 2208 765 2265 14.
779 2231 861 2280 quum
878 2221 988 2283 urgerat
1000 2207 1106 2284 fames,
1119 2208 1158 2265 ali·
1180 2240 1195 2293 ui

200 2296 363 2363 quantisper
380 2290 445 2344 inda
465 2295 566 2348 vixere.
600 2295 694 2349 lustin.
718 2294 772 2361 42,
793 2295 827 2361 4,
844 2295 870 2348 8.
892 2293 944 2349 sad
967 2294 1020 2352 illa
1048 2294 1158 2355 simulato
1193 2302 1195 2311 '

201 2379 318 2436 timore,
337 2375 387 2430 diu
403 2377 542 2433 continuit
558 2395 588 2432 se
615 2390 644 2433 et
668 2367 801 2435 insultare
829 2377 949 2434 Parthos
976 2379 1195 2452 aliquantisper„

196 2477 298 2532 passus
322 2469 391 2533 ert..
410 2460 443 2525 1,
470 2461 503 2526 8,
519 2461 545 2517 8.
566 2463 658 2532 itaque
690 2465 781 2537 Cyrus
810 2467 935 2519 traiectis
961 2467 1072 2536 copiis,
1094 2479 1162 2537 quam

196 2543 402 2617 aliquantisper
421 2548 451 2600 in
473 2546 621 2618 Scythiam
647 2551 841 2620 processisset,
871 2560 963 2605 castra
986 2560 1106 2608 metatus
1122 2557 1164 2608 ass·

199 2628 271 2702 quod
290 2631 370 2686 etiam
386 2632 419 2688 de
436 2643 555 2704 temporo
571 2634 678 2713 dictum.
999 2634 1002 2641 ’
1172 2622 1177 2632 ”

195 2834 599 2955 ALIQVANTO.
653 2836 1108 2958 ALIQVANTVM.
1170 2904 1177 2923 .

214 3022 244 3081 1.
284 3018 493 3097 Aarovnuro
520 3033 552 3087 et
575 3024 812 3098 marturum
835 3017 919 3085 duae
947 3030 1026 3085 sunt
1044 3018 1175 3084 formae

28 3096 34 3107 “
128 3100 218 3186 idem
234 3103 468 3190 significantesz
491 3108 592 3172 altera
623 3105 662 3168 ab
686 3102 827 3168 ablativo
852 3106 1045 3192 desumpta,
1077 3104 1170 3168 altera

129 3185 169 3249 ab
186 3190 388 3269 accusatum,
418 3193 514 3257 sicuti
539 3190 657 3258 Graeci
685 3188 835 3253 dicebant
849 3189 945 3255 ποσόν
959 3215 998 3255 τι.
1041 3191 1170 3258 Praeter

126 3274 353 3338 necessitatem
377 3279 581 3362 grammatici
603 3274 756 3338 nonnulli
781 3276 980 3367 supplebant
1005 3275 1072 3358 acl,
1087 3314 1090 3318 -
1108 3276 1171 3340 sire

127 3357 166 3423 in
189 3357 414 3446 aliquantam.
451 3363 505 3429 vd.
533 3360 681 3428 Boeclcri
711 3359 840 3425 Chrest.
867 3361 1001 3425 Terent.
1028 3385 1055 3425 s.
1081 3359 1117 3423 h.
1139 3381 1169 3422 v.

126 3440 313 3545 Qfflmgp
341 3467 439 3521 vero,
472 3470 514 3513 ex
539 3470 606 3534 quo
637 3446 814 3532 aliquanto
842 3447 984 3595 prppria
1015 3443 1191 3529 coniungi.

916 3556 932 3595 a

126 3549 203 3592 cum
225 3532 451 3616 comparativo
481 3532 596 3596 dicunt
624 3531 793 3594 Ernestius
822 3554 840 3595 a
935 3531 990 3594 cit.
1008 3533 1124 3595 Germ.
1139 3531 1169 3594 5.

73 3693 75 3696 Ι
98 3664 107 3677 ,
126 3613 263 3699 aliique,
286 3636 393 3700 neque
418 3637 481 3680 usu
505 3617 738 3696 confirmatur,
766 3638 874 3702 neque
899 3617 997 3680 ctiam
1020 3616 1092 3680 ullo
1116 3637 1170 3679 ar-

39 3714 43 3721 ’
125 3709 303 3784 gumento‚
326 3702 390 3764 nisi
411 3704 483 3788 quis
497 3723 673 3766 numerare
686 3701 765 3764 velit
780 3723 875 3768 exem
900 3702 942 3765 la.
968 3699 1169 3789 significatio

124 3784 295 3871 utriusque
318 3787 409 3850 verbi
432 3786 650 3852 indefinitam¹
665 3725 918 3873 comprehendit
965 3787 1171 3867 uantitatem,

116 3869 192 3942 sivo
212 3881 342 3934 auctam
365 3874 432 3938 sive
458 3873 640 3952 minutam,
670 3892 708 3934 ea
730 3869 1180 3957 quidemdup'ci1·atione,*

123 3963 161 4016 ut
185 3975 267 4038 quae
295 3979 395 4053 parva
426 3968 482 4021 aut
502 3958 586 4037 nihil
608 3955 712 4021 videri
737 3958 886 4043 possint,
921 3955 1054 4021 alicuius
1083 3965 1170 4023 certe

15 4088 21 4099 .
123 4040 355 4124 magnitudinis
381 4065 466 4124 esse,
504 4066 586 4130 quae
608 4062 728 4125 magna
746 4041 944 4123 rideantur,
974 4062 1046 4106 non
1065 4042 1170 4115 nimiu

126 4145 195 4190 esse
209 4124 370 4192 dicantur.
415 4129 526 4209 Quare
543 4126 790 4214 quodammodo
815 4137 984 4212 errarunt,
1009 4127 1067 4216 qui
1083 4127 1169 4194 hanc
