2618 4770
217 290 292 359 sac,
332 236 334 241 ¹
691 280 792 348 lv'r.

216 448 295 507 sont
311 429 352 503 ad
369 444 400 503 et
416 435 488 502 aut.
529 431 676 516 Deinde,
701 444 737 502 ut
752 437 820 504 iam
837 458 871 525 p.
888 439 964 504 297.
979 435 1068 520 dixi,
1091 439 1129 506 in
1144 440 1201 508 his
1213 461 1262 508 tc-

39 550 40 557 *
135 526 136 532 ’
219 526 342 592 cabulis
357 546 427 589 non
442 521 601 587 babemus
624 521 771 589 formam
792 524 832 590 ab
856 525 926 588 aliis
949 526 1105 613 gentibus
1130 528 1171 592 ad
1197 528 1263 594 alias

216 611 424 689 translatam,
446 606 504 673 sed
525 609 726 695 primitivam
744 618 776 674 et
792 610 925 697 populis
941 633 1010 674 non
1035 614 1152 699 paucis
1179 636 1261 678 com·

216 719 365 764 munem.
409 695 494 760 Nam
520 694 654 758 vocibus
678 720 719 772 a,
744 715 809 771 au,
831 719 850 759 o
876 716 916 759 ex
944 697 1076 761 riniitur
1098 696 1196 762 notio
1223 702 1261 765 ri·

217 781 412 849 cissitndinis
430 791 462 844 et
477 780 724 861 alternationis,
746 803 828 868 quae
844 717 1018 846 adhibetur
1035 793 1068 846 et
1085 786 1127 848 ad
1148 785 1261 849 disiun-

216 871 361 934 ctionem
386 866 481 929 etad
505 867 725 952 oppositionis
757 867 923 954 quoddam
948 887 1051 951 genus
1076 868 1258 956 significan-

217 956 309 1020 dum.
352 954 502 1036 Denique
523 953 640 1038 igitur,
663 954 688 1016 si
707 965 768 1017 aut
787 972 862 1016 cum
887 946 926 1016 αὖ
951 974 1149 1040 comparare
1175 957 1259 1020 volu·

215 1045 308 1119 mus,
330 1061 461 1105 necesse
485 1039 547 1101 erit
569 1038 760 1118 observare,
782 1059 896 1126 graeca
916 1061 995 1102 voce
1014 1049 1149 1103 tantum
1164 1043 1258 1127 signi·
1287 1100 1290 1107 .

143 1132 146 1135 ’
183 1188 188 1197 ,
215 1126 306 1192 ficari
323 1125 375 1203 id,
395 1122 484 1209 qnod
503 1122 604 1189 altera
621 1146 663 1186 ex
678 1133 789 1211 parte,
812 1125 911 1187 altera
934 1126 1002 1188 rice
1018 1126 1177 1212 ponitur,
1197 1129 1259 1191 lati·

215 1234 292 1278 nam
312 1221 504 1273 autemnon
524 1210 584 1273 nisi
606 1209 815 1274 disiunctioni
833 1210 1007 1289 inservire,
1030 1232 1133 1296 quam
1153 1212 1257 1291 Graeci

216 1298 257 1362 ad
289 1295 541 1382 comparationis
565 1316 718 1360 normam
748 1296 901 1382 redigunt
924 1318 985 1381 per
1014 1296 1214 1362 vocabulum
1232 1294 1256 1378 ἥ.

214 1383 254 1448 ln
272 1381 490 1452 disiunctione
508 1396 586 1444 veto
610 1381 695 1457 inest
712 1382 810 1444 etiam
827 1381 935 1471 aliqua
954 1381 1143 1446 alternatio·
1186 1384 1257 1449 Eam

214 1477 387 1533 tenuerunt
407 1466 525 1529 Latini.
703 1471 706 1478 '
832 1505 847 1521 ··

299 1553 362 1617 Sed
387 1552 420 1615 in
445 1553 594 1615 universa
634 1549 903 1614 rammaticornm
928 1545 1098 1632 doctrina,
1126 1571 1207 1638 qnae
1224 1551 1257 1617 de
1297 1554 1299 1595 l

217 1635 416 1703 disiunctivis
466 1570 1084 1721 articutiigffidr‘tffffictmrqur
1097 1638 1194 1703 dubia
1218 1642 1256 1704 rei

125 1740 132 1769 2'
217 1735 362 1810 cognitio
388 1715 510 1797 multos
543 1744 672 1787 errores
697 1722 836 1808 peperit.
889 1723 1155 1787 Disiunotionem
1179 1726 1257 1788 enim

217 1833 333 1874 omnes
355 1809 509 1872 dixerunt
532 1792 604 1872 caini
629 1831 697 1870 esse
736 1827 885 1884 ormam,
909 1809 939 1870 in
966 1830 1028 1892 qua
1056 1812 1210 1896 opposita
1230 1833 1258 1874 se

196 1897 357 1960 'invicem
376 1892 578 1972 excludant,
593 1893 649 1955 sed
669 1913 771 1979 quum
788 1893 874 1978 apud
900 1889 1033 1974 Latinus
1056 1895 1139 1958 duas
1162 1898 1257 1982 parti-

217 1983 305 2044 culas
323 2001 440 2065 easque
457 1981 489 2044 in
506 1979 666 2042 similibus
690 1979 969 2041 enuntiationibus
991 1978 1151 2043 adbibitus
1169 1980 1259 2044 vidis-
1297 1981 1299 1985 ’

215 2075 307 2141 sent,
328 2089 398 2153 qna·
414 2083 465 2129 eas
484 2064 735 2148 distinguerent,
756 2063 877 2126 variam
893 2062 1061 2128 'rationem
1085 2085 1259 2152 proposuc-
1296 2140 1298 2151 Ι

126 2190 130 2203 .
215 2163 306 2219 runt.
360 2153 467 2238 Atque
489 2151 663 2214 Noltenius
688 2149 720 2212 io
748 2149 828 2220 Lex.
850 2173 885 2236 p.
909 2154 982 2214 849.
1005 2151 1048 2213 ita
1078 2155 1257 2239 praecepit:

216 2250 304 2320 „aut
344 2237 454 2322 roprie
472 2246 518 2299 est
535 2232 751 2310 διαζευκτικόν,
771 2246 802 2298 et
817 2238 981 2299 contraria
999 2235 1137 2300 invicem
1157 2261 1259 2322 oppo-

214 2261 343 2409 nerttp,
373 2333 411 2386 ut
431 2322 624 2385 alterutrum
646 2321 813 2397 excludat,
843 2320 894 2384 vel
939 2322 1049 2406 roprie
1073 2334 1122 2386 est
1142 2321 1257 2386 duodic-

134 2480 137 2485 y
214 2406 385 2484 ζευκτικὸν,
406 2418 437 2470 et
454 2407 578 2470 diversa
595 2406 678 2469 nibil
697 2345 1087 2494 exciqiiendodonitrogit.
1115 2428 1143 2472 v.
1161 2431 1193 2495 g.
1217 2408 1261 2472 ael

128 2514 132 2525 ·
215 2509 251 2557 tn
270 2493 426 2556 veluxar
447 2504 507 2555 tua
524 2492 612 2556 vele
628 2490 846 2580 tuafumiliu
861 2492 1031 2580 quispiam
1047 2491 1131 2582 affli
1152 2501 1258 2559 ·etur.“
1297 2570 1299 2575 Ι

215 2579 389 2666 Coniunge
412 2577 490 2641 baec
506 2577 604 2655 verba
622 2599 680 2663 per
695 2590 728 2642 ct
744 2616 782 2628 -
800 2587 852 2641 et:
881 2587 951 2641 tum
975 2579 1103 2642 diversa
1128 2518 1258 2645 babebis

214 2675 344 2751 praeter
368 2664 470 2727 ullam
499 2665 728 2749 exceptionem
763 2664 958 2741 coniuncta,
993 2685 1052 2728 nec
1082 2665 1259 2752 quidquam

216 2749 367 2813 different
385 2773 427 2813 ex
439 2751 501 2813 boc
519 2751 651 2835 quidem
668 2759 844 2836 praecepto
861 2748 1025 2815 formulae
1042 2752 1092 2814 vel
1108 2749 1198 2815 bona
1216 2749 1261 2816 vel

215 2834 332 2912 mala,
354 2847 387 2898 et
403 2834 490 2899 tona
512 2845 544 2898 et
567 2835 673 2899 mala.
717 2834 845 2898 Talnen
872 2836 901 2897 in
928 2835 991 2900 illis
1016 2835 1195 2900 disiunctio
1218 2846 1260 2900 est

216 2922 420 2985 diversarum
436 2941 566 3001 rernm,
592 2922 686 2983 etiarm
716 2919 777 2983 bac
794 2916 1005 3004 exceptione:
1030 2921 1056 2984 si
1073 2919 1164 2986 bona
1180 2933 1259 3001 sunt,

214 3028 284 3072 non
295 3015 368 3069 sunt
381 3005 475 3069 mala.
500 3007 610 3085 Quare
621 3006 671 3069 alii
682 3005 724 3068 ita
736 3007 889 3092 distingui
900 3006 1090 3070 voluerunt:
1111 3002 1173 3072 an't
1187 3009 1261 3093 poni

113 3146 119 3163 ,
214 3093 302 3156 inter
310 3115 356 3170 ea,
367 3114 449 3177 quae
461 3093 612 3178 opposita
622 3093 697 3169 sint,
713 3091 768 3154 sed
780 3092 831 3155 cel
839 3095 924 3155 inter
934 3113 1064 3178 ea,quac
1074 3111 1144 3157 non
1157 3094 1259 3158 diver-

215 3201 248 3242 sa
265 3177 340 3255 sint,
359 3178 408 3241 vel
425 3200 492 3240 non
506 3177 631 3240 diversa
649 3199 717 3240 esse
728 3175 877 3240 dicantur
892 3178 948 3251 sie,
964 3186 999 3240 ut.
1017 3177 1103 3242 inter
1122 3181 1260 3265 aequalia

215 3263 416 3327 concedatur
430 3263 597 3327 electionis
613 3263 795 3326 arbitrium.
817 3257 1054 3326 ltaD0elekins
1071 3268 1101 3327 in
1116 3267 1260 3330 Gramm.

182 3403 184 3408 ,
213 3373 247 3436 p.
268 3354 338 3414 137.
381 3350 423 3413 At
442 3371 484 3412 ex
502 3348 552 3412 bis
568 3371 635 3412 non
656 3346 837 3436 colligitur,
861 3369 927 3434 quo
943 3348 1073 3430 differat
1094 3349 1181 3426 sice,
1205 3371 1259 3414 nec

214 3435 326 3522 negari
347 3444 474 3520 potest,
499 3433 533 3496 in
560 3434 733 3512 omnibus,
758 3454 840 3519 quae
865 3455 923 3518 per
947 3433 998 3497 vel
1012 3437 1129 3499 —vel
1153 3437 1273 3522 dispo·¹

194 3532 358 3595 ,nuntur,
386 3519 457 3583 fieri
487 3519 759 3597 disiunctionem,
792 3530 822 3584 et
846 3521 984 3583 alterum
1008 3521 1099 3584 alteri
1128 3523 1260 3607 opponi,

216 3605 433 3692 saepe'etiam
462 3605 600 3669 alterum
623 3605 662 3669 ab
687 3607 791 3668 altero
815 3604 899 3669 tolli.
955 3605 1059 3669 Sicuti
1085 3607 1205 3671 Caesar
1226 3606 1260 3671 Β.

215 3692 256 3755 G.
282 3700 317 3768 l,
339 3696 368 3754 6.
392 3689 631 3777 Allobrogibus
656 3713 727 3755 sese
751 3689 802 3755 vel
816 3712 1057 3776 persuasuros,
1079 3729 1116 3741 -
1145 3692 1261 3757 existi-

212 3775 374 3849 mabunt,
399 3775 450 3839 rel
466 3776 498 3840 ai
515 3788 707 3863 cantaturos,
728 3788 765 3839 ut
774 3798 840 3862 per
855 3800 932 3840 anos
945 3770 1039 3863 fines
1055 3801 1110 3841 eos
1128 3779 1181 3844 ire
1194 3801 1259 3865 pa-

29 3908 33 3927 .
213 3871 375 3926 terantur.
425 3859 514 3925 Num
538 3862 616 3926 baec
641 3885 711 3926 non
736 3862 861 3926 diversa
886 3861 986 3929 sunt?
1014 3886 1054 3926 an
1080 3887 1149 3928 non
1177 3875 1261 3930 recte

41 4013 43 4016 ,
108 4000 121 4031 a
213 3947 277 4011 dici
302 3957 578 4032 poteratque·—
600 3947 687 4012 aut?
713 3928 888 4011 Iborscher
914 3949 954 4012 ad
978 3949 1139 4028 Quinctil.
1163 3949 1209 4016 X.
1235 3959 1275 4023 l‚·

212 4035 264 4095 47.
290 4042 407 4096 contra
425 4032 652 4122 Spaldingium
668 4034 701 4098 in
720 4029 809 4096 hunc
832 4034 974 4097 modum
997 4035 1139 4101 iudicat:
1156 4046 1263 4117 ·,‚non'

214 4117 370 4206 disiungit
402 4119 470 4201 rel,
499 4119 556 4183 sed
580 4120 616 4186 in
640 4118 798 4202 similium
833 4128 1118 4208 cognatorumque
1147 4126 1265 4189 retum
