2618 4770
585 295 632 373 s,
676 289 749 375 AB,
792 289 888 379 Ans,

276 463 356 527 poan.
372 453 407 521 5,
421 452 449 519 2,
466 448 524 504 122
545 449 617 517 quod
633 458 681 511 est,
698 446 812 516 puellam
828 466 843 501 e
859 447 936 497 domo
951 445 1055 498 lenonis
1067 461 1166 499 amare.
1182 439 1268 498 Gross

271 530 367 600 'novius
391 538 496 609 quidem
516 536 546 586 in
560 535 695 586 observat.
710 533 736 597 1,
752 533 795 585 10.
811 532 941 601 explicat:
970 549 1056 584 amere
1080 534 1266 593 meretricem,

275 648 342 701 quse
356 635 397 679 est
409 620 528 675 habende
546 638 562 671 n
578 621 688 685 lenone,
708 636 775 689 quae
790 636 805 668 n
822 619 918 669 lenone
934 618 1111 685 prostituitur.
1238 600 1244 607 ³

307 708 452 767 Columella
475 704 509 770 8,
524 702 557 767 5,
572 704 598 755 9.
631 701 679 759 ubi
704 723 722 756 a
753 714 841 756 matre
866 701 942 773 pulli
960 720 1017 756 aon
1032 706 1144 775 exiguis
1157 703 1266 772 pretiis

273 805 403 856 meunt.
427 793 446 845 i.
463 808 487 842 e.
503 799 624 841 recenter
640 807 655 838 n
669 790 733 840 nido
751 787 892 856 desumpti,
909 805 966 840 uon
985 787 1034 841 der
1054 786 1170 842 Matter
1189 803 1265 856 weg.

169 936 171 941 ,
272 891 330 951 Quo
353 896 430 933 senen
452 877 487 928 ad
507 886 610 944 tempus
633 876 718 925 relato
739 875 860 926 Barthius
876 873 947 943 cepit
962 874 1067 924 Peteon.
1084 873 1129 925 81.
1147 875 1204 946 qui,
1224 891 1265 926 ae

274 975 421 1028 virescet,
445 981 464 1014 a
486 970 576 1014 matre
600 974 747 1027 persuasus
778 968 827 1011 est.
859 957 877 1008 i.
901 975 924 1008 c.
958 959 1046 1011 stetim
1071 977 1087 1010 n
1106 960 1260 1017 nativitate:

274 1055 355 1110 ueluti
376 1047 491 1119 Invenel.
508 1044 542 1111 7,
564 1041 623 1094 196.
635 1070 638 1074 Δ
650 1041 739 1095 distat
753 1044 834 1104 enias,
858 1060 928 1109 quae
946 1040 1040 1095 sidera
1062 1054 1090 1098 te
1105 1047 1260 1112 excipiant,

275 1137 360 1194 mado
389 1135 499 1206 primos
531 1131 710 1202 incipientem
741 1127 820 1182 edere
842 1129 956 1199 vagitas
979 1136 1008 1183 et
1028 1126 1119 1181 adhuc
1137 1146 1156 1180 a
1170 1137 1257 1180 uentu

263 1223 426 1280 ‚rubentem
460 1221 496 1267 At
515 1215 592 1266 huius
615 1205 800 1282 loci‘prorsus
820 1212 872 1263 alie
891 1220 931 1263 est
948 1211 1027 1263 ratio.
1059 1215 1091 1264 In
1109 1213 1197 1265 verbis
1212 1213 1255 1262 Gi-

275 1307 380 1364 ceronis
401 1322 428 1373 p.
444 1301 514 1354 Tull.
532 1297 576 1351 15.
591 1300 640 1352 isti
660 1317 678 1350 a
695 1296 836 1351 somniari
855 1295 1033 1351 Macedonia
1049 1308 1077 1350 et
1091 1297 1171 1352 Asia.
1187 1316 1255 1369 sem-

274 1414 322 1467 per
335 1390 388 1442 erit
401 1386 482 1439 dubia
497 1383 656 1452 explicatio:
678 1383 726 1434 sed
741 1382 801 1435 vide
816 1382 942 1434 Beierum.

312 1470 502 1538 Flor.1,ss.'
521 1468 573 1523 laos
587 1471 737 1540 praecipue
750 1467 857 1522 Lusius
886 1465 1034 1544 Quinctius
1054 1463 1183 1530 domuit,
1208 1466 1255 1523 ills

277 1565 401 1620 dictator
416 1555 575 1612 ab'aratro.
593 1555 613 1604 i.
632 1573 655 1605 e.
673 1553 831 1618 desumptus.
847 1551 932 1602 Tucit'.
952 1552 1024 1602 Hist.
1037 1551 1063 1612 2,
1079 1550 1122 1604 92
1140 1571 1253 1624 praepo.

278 1657 373 1704 suerat
395 1642 584 1715 praetorianis
608 1637 640 1692 P.
670 1633 805 1689 Sabinum
833 1634 872 1687 ad
898 1632 1108 1706 praefectorum
1128 1637 1255 1692 cohortis.

274 1733 387 1796 licitene
403 1725 551 1779 emendavit
567 1743 585 1776 a
597 1717 778 1795 praefectura
795 1717 926 1783 cohortis,
938 1739 964 1790 q.
973 1740 996 1773 e.
1009 1722 1055 1790 'qni
1070 1709 1255 1791 erat'inprae-

274 1822 380 1872 iectura
399 1811 525 1865 cohortis.
973 1858 975 1863 ,
1124 1810 1132 1818 “

291 1924 344 1984 17.
378 1916 494 1994 Quum
516 1911 563 1990 is,
595 1907 653 1996 qui
686 1907 826 1996 aliquam
843 1928 916 1972 rem
933 1918 1035 1996 ‘agere
1057 1908 1183 2000 incipit,
1203 1922 1258 1975 uut

209 2029 282 2073 eam
304 2003 343 2066 nb
362 2010 511 2064 extrema
525 1994 577 2060 vel
591 1996 700 2082 prima
713 2006 812 2082 -pnrte
829 1995 1048 2082 persequitur,
1075 1995 1257 2081 procedere

206 2092 355 2158 videntur
371 2083 411 2147 nb
428 2082 536 2162 initio,
553 2080 653 2145 verbu
669 2081 741 2167 ipen
757 2080 947 2167 incipiendi,
970 2079 1138 2157 ordiendi,
1159 2104 1256 2169 repe-

205 2176 297 2241 tendi
313 2177 550 2236 construuntur
564 2187 641 2229 oum
658 2165 720 2231 hac
739 2165 998 2252 praepositione,
1025 2185 1107 2252 quoe
1123 2166 1258 2232 initium

207 2258 333 2326 ordinis
348 2276 462 2319 rerum
478 2262 510 2317 et
523 2252 669 2340 primum
681 2251 730 2314 rei
743 2261 874 2338 partem
882 2250 1054 2338 significet.

309 2359 363 2410 (lic.
383 2356 416 2407 de
436 2352 549 2422 Leg.²1,
563 2350 596 2417 7,
610 2352 653 2405 21.
673 2349 709 2405 ab
729 2370 761 2405 eo
787 2350 868 2406 nobis
885 2371 982 2405 caussa
1000 2353 1136 2417 ordienda
1150 2365 1192 2410 est
1204 2350 1258 2428 po·

236 2492 240 2508 ,
274 2447 420 2500 tissimum.
454 2439 519 2494 Plin.
546 2439 615 2489 Hist.
635 2447 688 2489 nat.
703 2435 728 2488 7.
750 2439 835 2507 praei.
853 2438 878 2489 1.
896 2437 1004 2492 aninral
1025 2444 1122 2496 ceteris
1139 2439 1259 2514 impera·

275 2530 366 2583 turum
388 2535 418 2579 et
440 2543 458 2577 a
480 2521 629 2595 suppliciis
651 2525 741 2575 vitam
763 2525 934 2593 auspicatur.
969 2525 1024 2577 Cic.
1049 2526 1082 2578 de
1099 2528 1164 2595 Leg.
1180 2527 1213 2595 1,
1232 2529 1259 2592 6,

276 2611 318 2665 18.
334 2631 353 2665 a
363 2611 455 2681 capite
469 2611 586 2680 repetis,
613 2607 688 2680 quod
704 2609 868 2680 quaerimus.
902 2610 988 2660 Varro
1005 2611 1037 2662 de
1053 2612 1214 2680 u.n.2,1‚
1232 2613 1258 2665 7.

273 2694 311 2752 ab
335 2694 380 2750 liis
398 2669 573 2765 principibus
591 2692 659 2747 XII
669 2696 751 2763 sigua
767 2691 849 2746 multi
865 2705 1018 2773 numerant.
1047 2695 1065 2746 i.
1077 2714 1100 2748 e.
1121 2712 1258 2751 numerare

272 2781 403 2853 incipiunt
423 2779 499 2846 signa
512 2779 545 2837 ab
567 2777 610 2828 his
628 2778 735 2846 pecudis
752 2763 899 2831 vocabulis.x
923 2781 1006 2831 Plnnt.
1025 2780 1098 2849 Asin,
1112 2779 1147 2846 5,
1161 2783 1197 2846 2,
1214 2782 1258 2834 41.

274 2867 330 2933 da,
352 2883 446 2937 paese,
462 2860 499 2916 ab
516 2879 632 2916 summo.
655 2881 709 2934 age
724 2874 754 2915 tu
772 2860 883 2918 interibi
897 2860 935 2916 ab
949 2862 1048 2934 infimo
1064 2865 1107 2919 da
1120 2870 1259 2921 suavium.

275 2953 330 3004 cic.
348 2950 382 3001 de
398 2941 566 3012 Senect14,
585 2943 634 2998 46.
658 2951 683 3002 is
705 2965 812 3014 sumo,
837 2950 886 3021 qui
905 2966 981 3003 more
995 2952 1134 3003 maiorum
1153 2971 1172 3002 a
1186 2970 1260 3005 suus·

273 3054 320 3090 mo
341 3031 490 3088 adhibetur
505 3033 535 3094 its
548 3028 670 3102 poculis.
704 3032 782 3084 Unde
797 3032 910 3084 formula
923 3053 951 3086 ¹a
966 3051 1076 3088 summo
1096 3027 1206 3103 bibere,
1223 3038 1259 3089 de

274 3139 325 3191 qna
346 3115 451 3188 Lipsius
472 3115 561 3185 Antiq.
584 3116 690 3187 Quaest.
705 3111 785 3188 3,1.
808 3134 834 3186 p.
851 3107 920 3169 1⁵1(
930 3119 1013 3171 Plent.
1029 3119 1113 3193 ,Most
1131 3118 1156 3185 1,
1170 3117 1199 3186 1,
1214 3119 1259 3174 88.

229 3214 231 3219 '
276 3209 387 3262 interim
406 3201 444 3256 da
458 3196 494 3256 ab
515 3195 641 3271 Delphio
658 3203 714 3253 cito
731 3197 891 3255 cantharum
904 3203 1012 3258 circam.
1036 3266 1043 3275 x
1113 3243 1117 3266 =
1190 3263 1193 3266 ,

308 3291 375 3344 Plin.
395 3289 463 3340 Hitt.
492 3296 547 3336 ml·
571 3281 685 3348 10,16‚
709 3283 751 3336 18.
772 3288 798 3339 it
813 3284 950 3340 11111111-
973 3291 1108 3345 cornicem
1127 3308 1146 3344 a
1166 3289 1258 3344 cauda

273 3372 551 3430 draconteae
572 3365 635 3422 dem
655 3363 803 3424 Schwanze
822 3380 921 3426 rueret.
946 3380 948 3385 ’
1035 3424 1038 3430 ,
1156 3373 1159 3377 ’

247 3519 251 3529 .
280 3477 330 3542 11.
355 3484 384 3541 1.
428 3475 528 3552 Haec,
552 3493 634 3560 quae
666 3473 706 3536 de
729 3473 808 3537 loco
831 3484 865 3537 et
894 3473 993 3538 rebus
1018 3475 1183 3558 dicuntur,
1217 3475 1258 3540 nd

206 3575 357 3652 tempus,
380 3560 468 3624 utin
484 3558 553 3622 aliis
570 3554 626 3638 fit,
656 3557 913 3629 transferuntur.
955 3561 1062 3646 Atque
1084 3559 1165 3624 hoec
1192 3561 1257 3626 du-

205 3649 287 3737 plex
303 3659 352 3713 est
366 3645 472 3720 ratio,
497 3644 533 3709 in
550 3643 710 3730 exemplis
726 3666 797 3707 non
814 3666 948 3731 semper
963 3645 1128 3710 distincta.
1163 3645 1257 3719 ‚Num
1299 3684 1303 3691 -

207 3744 263 3797 aut
282 3735 394 3822 ipsum
417 3729 622 3826 principium
645 3728 861 3815 respicimus,
890 3739 945 3794 out
960 3732 1065 3817 magis
1078 3731 1256 3817 perpetui-

206 3829 309 3883 tatem
340 3828 372 3884 et
396 3827 560 3903 temporis
584 3813 738 3900 spatium.
782 3815 933 3879 Primum
954 3815 1055 3902 igitur
1077 3817 1256 3904 praeposi-

88 3932 94 3939 ·
205 3904 297 3967 tione
326 3922 371 3969 AB
398 3902 587 3988 designatur
617 3898 779 3985 temporis
813 3909 846 3963 et
874 3901 1044 3999 praeteriti
1074 3910 1107 3966 et
1152 3925 1255 3992 prse-

202 3987 306 4086 seutis
322 3997 355 4051 et
369 3985 475 4052 futuri
490 3995 618 4082 certum
633 3983 767 4079 initium
782 3995 814 4052 et
828 4005 1045 4078 principium,
1067 4009 1085 4054 n
1101 3978 1170 4074 quo
1191 3988 1254 4064 ,li-

206 4073 286 4162 qurd
303 4069 689 4164 csserclfiersmcrpnt.
1086 4123 1089 4126 ,
