2618 4770
84 230 91 248 ’
171 274 180 301 1
216 284 281 351 aaa
410 265 415 271 ’
688 280 790 347 avr.
816 305 817 308 κ

218 458 295 517 cnm
305 437 456 504 obtinere
467 456 567 522 posse
575 441 631 500 aut
639 434 788 502 obtinere
796 433 965 502 concedit:
993 437 1051 504 illa
1065 460 1156 524 rem,
1195 440 1258 521 nali

148 558 153 567 ·
215 526 229 604 i
253 547 288 589 sa
303 526 362 606 sit,
392 521 572 611 significat,
604 521 684 586 hacc
702 522 807 608 qualis
822 544 874 586 res
899 546 970 588 esse
991 528 1132 613 possit·
1155 461 1260 615 'itqn

215 548 308 676 iiiam
332 611 439 675 Latini
462 608 657 696 exprimunt
685 630 748 695 per
772 608 971 694 particulam
995 621 1077 685 ont,
1107 611 1200 677 hanc
1216 635 1261 712 per

215 697 279 762 ael.
328 697 415 760 Nam
436 715 496 781 per
517 706 580 757 aut
601 703 750 758 mutatur
777 694 958 761 attollitur
980 718 1053 776 res,
1078 718 1170 782 quac
1193 698 1262 764 dicta

217 792 306 861 crat,
327 782 453 866 aliaque
467 779 692 857 substituitur,
716 795 775 866 per
799 779 850 843 acl
871 791 1018 844 mutatur
1036 780 1220 867 cogitatioss
1239 796 1263 849 et

218 866 307 933 aliud
331 866 538 933 substituitur
565 866 782 951 cogitatione:
819 864 855 929 id
882 866 973 952 quod
1003 869 1168 933 convenit
1199 892 1264 935 curn

217 953 347 1039 origine
361 952 451 1016 vorbi
466 951 532 1015 ael.
576 952 690 1030 Quum
706 952 825 1014 Cicero
843 950 922 1017 dicit
938 951 979 1015 de
997 952 1093 1016 Orat.
1110 960 1134 1018 2
1144 998 1157 1030 ,
1181 961 1221 1037 2,
1240 959 1265 1023 5.

216 1041 336 1104 omnia
350 1074 393 1088 -·
410 1035 491 1101 bene
506 1046 584 1100 crint
600 1037 632 1100 ei
646 1035 813 1117 dicenda,
862 1038 898 1100 ui
914 1037 976 1101 bec
994 1060 1150 1124 reposce
1161 1038 1265 1128 prosa·

215 1137 325 1205 tetur,
349 1126 411 1187 erit
427 1122 637 1209 eloquentiae
661 1136 784 1186 nomen
807 1061 1067 1210 relinquendum
1092 1137 1159 1197 est.
1189 1128 1263 1191 indi·

216 1221 287 1289 cat,
310 1231 348 1273 re
368 1231 441 1273 vera
457 1207 538 1271 baec
556 1229 623 1271 essc
640 1209 814 1287 contraria,
835 1230 904 1271 non
921 1217 1053 1273 tantum
1070 1212 1265 1296 cogitatione

172 1289 175 1295 ’
216 1290 396 1360 disiuncta:⁴
411 1293 476 1358 sed
493 1314 597 1380 quum
612 1292 745 1357 Tacitus
764 1294 885 1357 Germ.
902 1299 932 1359 3.
948 1314 1034 1381 qaae
1055 1318 1169 1383 neque
1190 1321 1263 1362 con·

206 1378 357 1470 firmare
374 1379 589 1466 argumentis
597 1392 611 1460 ,·’
636 1401 740 1466 neque
760 1375 915 1466 refellere
940 1380 977 1442 in
1000 1382 1122 1444 animo
1143 1394 1212 1460 est:
1230 1406 1279 1446 eaa

182 1488 187 1495 ·
214 1467 430 1554 ingeniosae
447 1466 582 1551 quisque
598 1460 716 1528 demat
732 1463 783 1528 ael
799 1462 912 1528 addat
914 1461 1039 1551 fiderit.
1057 1467 1265 1555 distinguun-

214 1563 271 1616 tur
286 1552 419 1639 quidem
443 1551 499 1614 illa
524 1550 688 1615 contraria
704 1548 839 1613 demere
855 1559 892 1612 et»
902 1548 1051 1630 addere,
1073 1552 1134 1616 sed
1149 1554 1186 1617 in
1200 1554 1265 1640 ipsa

15 1708 22 1717 N
214 1649 377 1704 retamen
398 1637 617 1716 conveniunt,
641 1657 751 1722 neque
773 1656 848 1698 rem
865 1635 978 1721 ipsam
1001 1646 1154 1702 mutant:
1178 1639 1264 1726 quasi

119 1720 122 1725 ’
215 1735 333 1789 auctor
349 1723 451 1787 dicata
477 1733 509 1786 ct
525 1743 629 1808 quum
645 1721 735 1785 addis
752 1730 785 1783 et
801 1741 905 1807 quum
920 1721 1023 1785 demis
1039 1721 1164 1799 fidem,
1185 1747 1264 1814 quae

215 1809 380 1875 conuaria
406 1819 499 1883 sunt,
529 1830 598 1870 non
621 1807 824 1894 repugnabo.
875 1805 944 1904 (lic.
968 1807 1009 1870 de
1035 1808 1194 1890 Sentii,
1215 1813 1263 1876 57.
1302 1846 1305 1867 ι

189 1894 273 1975 ,ott
288 1896 378 1959 enim
390 1904 503 1980 potest
525 1892 590 1956 illa
604 1903 706 1956 aetas
722 1903 782 1955 aut
798 1891 966 1957 calescere
982 1892 1033 1957 ael
1047 1895 1264 1980 apricatione

213 1981 335 2046 melius
353 1979 504 2066 religni,
520 1989 581 2042 etit
592 1978 740 2042 uicissim
755 1976 883 2041 umbria
903 1979 1039 2066 aptisve
1054 1977 1264 2068 refrigerari

28 2120 35 2133 ,
80 2092 83 2096 ·
170 2060 173 2065 ’
212 2063 410 2131 salubrius?
429 2065 529 2130 Calor
545 2075 577 2129 et
591 2063 696 2150 frigus
714 2074 930 2149 opponuntur
950 2084 1008 2129 sua
1030 2077 1171 2148 natura,
1199 2068 1263 2131 sire

126 2224 129 2229 ,
211 2151 308 2218 illum
326 2152 508 2236 cogitemus
526 2161 639 2215 ortum
662 2171 731 2213 esse
751 2149 968 2237 apricatione,
990 2151 1058 2218 sive
1081 2153 1171 2240 igue.
1213 2154 1263 2218 Sic

131 2234 134 2239 ’
170 2260 177 2283 ·
213 2238 417 2303 Goerennius
440 2236 530 2300 bona
553 2237 745 2300 auctoritate
762 2235 908 2299 correxit
931 2236 1030 2302 verba
1048 2239 1118 2302 Cic.
1140 2237 1261 2306 deFin.

211 2329 252 2404 a,
276 2329 334 2401 10,
355 2327 408 2386 30.
428 2322 484 2384 bic
504 2322 536 2384 si
555 2316 699 2408 dplnire
722 2322 773 2386 ael
796 2319 948 2386 dividere
971 2321 1167 2403 didicisset.
1188 2325 1262 2390 etsi

213 2405 360 2473 definitio
384 2417 416 2469 et
439 2404 555 2470 divisio
572 2407 696 2493 genere
713 2420 745 2472 et
765 2429 802 2471 rc
828 2405 1003 2485 differunt,
1031 2430 1095 2473 uec
1119 2431 1261 2474 concur·

210 2502 309 2574 runt,
331 2491 509 2556 dicendum
530 2503 579 2558 est
598 2503 659 2557 aut
676 2491 848 2557 dividere.-
872 2502 905 2555 at
924 2503 1055 2578 poterat
1078 2495 1181 2559 ctiam
1203 2494 1261 2560 dici

211 2573 358 2665 definire
374 2575 425 2642 ael
440 2576 608 2656 diuidere,
632 2594 735 2663 quum
752 2580 868 2642 Cicero
885 2577 1023 2664 quidem
1036 2578 1260 2646 definitionem

212 2664 408 2730 adivisione
434 2663 479 2727 ita
494 2663 702 2750 ‚distinguere
714 2661 858 2740 soleret,
879 2668 917 2726 ut
939 2663 1035 2727 unius
1061 2667 1193 2752 generis
1215 2688 1259 2751 es·

211 2760 301 2829 sent,
324 2749 382 2813 scd
399 2748 515 2814 divisio
541 2751 707 2833 minorem
733 2748 933 2813 definitionis
959 2757 1088 2834 partem
1113 2752 1260 2817 contine·

209 2847 271 2902 ret.
296 2835 360 2899 vid.
376 2835 494 2921 Topic.
510 2840 563 2911 22,
586 2839 638 2900 83.
661 2836 807 2900 Pertinet
820 2835 922 2919 igitur
938 2833 1018 2898 haec
1034 2834 1207 2902 distinctio
1223 2837 1258 2902 ad

176 2954 180 2961 ,
211 2920 448 3007 cogitationem
472 2931 612 2985 tantum.
665 2921 779 3000 Quum
804 2943 881 2986 vcro
904 2943 969 2984 uua
993 2923 1091 2986 notio
1123 2945 1187 3009 per
1216 2923 1260 2988 ael

211 3007 349 3071 discindi
369 3008 475 3092 possit
496 3009 530 3070 in
552 3027 626 3070 suas
650 3017 779 3093 partos,
801 3017 1000 3092 usurpatur,
1024 3007 1117 3092 quod
1139 3009 1258 3096 antiqui

209 3103 359 3167 auctores
399 3091 623 3166 tradiderunt,
662 3092 857 3177 plerumque
894 3093 929 3155 in
967 3091 1257 3160 subdisiunotione.

208 3178 338 3264 leian.
354 3178 483 3264 Fragm.
498 3182 536 3258 8,
561 3184 592 3243 2.
616 3176 759 3262 adoptio
768 3175 819 3263 fit
835 3188 896 3240 ant
912 3199 979 3262 per
990 3181 1181 3266 populum,
1203 3192 1257 3247 aut

201 3286 270 3352 per
278 3274 479 3349 praetorem
495 3263 546 3328 ael
554 3263 751 3350 praesidem
761 3263 975 3349 provinciae.

313 3367 353 3415 Ex
370 3364 411 3414 his
431 3375 524 3434 sponte
541 3360 717 3433 intelligitur,
735 3383 787 3434 quo
802 3364 882 3421 modo
898 3365 964 3417 haec
981 3366 1125 3434 vocabola,
1144 3364 1257 3420 commu·

278 3458 335 3500 tata
349 3454 472 3514 ratione,
488 3444 545 3518 ipsa
563 3450 716 3502 commutari
732 3451 844 3520 possint,
866 3451 927 3502 dum
943 3467 1011 3519 quae
1028 3451 1257 3518 cogitenturten·

277 3530 334 3584 t'um
351 3551 399 3601 pro
420 3552 544 3598 revera,
565 3546 592 3601 et
613 3538 670 3588 vice
692 3554 769 3591 verse
793 3553 849 3589 rem
868 3553 917 3605 pro
943 3536 1106 3604 cogitatione
1131 3538 1265 3606 ponimns.-

277 3620 374 3670 Caesar
399 3618 421 3668 si
445 3618 474 3668 in
498 3619 584 3670 verbis
607 3638 685 3688 supra
712 3623 800 3673 allatis
827 3623 974 3690 scripsisset
1000 3632 1051 3681 ant
1079 3639 1258 3691 persuasurus

276 3713 328 3755 aut
346 3706 376 3756 vi
392 3713 545 3765 coacturos,
563 3705 668 3756 modum
686 3706 882 3758 alterumutrnm
897 3688 1076 3776 cippariturum
1097 3724 1158 3758 esse
1177 3707 1258 3758 dixis-

202 3830 205 3834 .
277 3796 333 3839 set:
360 3786 406 3837 sed
426 3776 520 3855 positis
540 3788 587 3842 nel
604 3816 637 3830 -
655 3777 718 3856 vel,
745 3806 824 3843 unum
839 3792 920 3855 illud,
945 3810 996 3863 quo
1022 3791 1141 3844 diversus
1170 3793 1256 3865 modus

211 3908 214 3913 -
276 3872 378 3932 coiret,
400 3873 591 3939 consideravit,
610 3875 687 3929 etde
707 3895 756 3941 re,
773 3894 838 3945 quae
859 3877 961 3928 diverso
980 3877 1060 3928 modo
1081 3875 1143 3928 fieri
1161 3888 1256 3948 posset,

169 3968 174 3976 ’
274 3954 400 4025 loquitus
422 3968 469 4010 est.
504 3963 542 4010 Ac
558 3970 647 4028 potest
666 3980 718 4015 naa
733 3963 863 4014 sententia
888 3972 998 4030 utraque
1015 3961 1121 4014 ratione
1139 3964 1259 4033 exprimi,

275 4043 357 4094 veluti
376 4042 462 4094 Plano.
478 4045 525 4112 Ep.
544 4045 578 4096 ad
596 4047 650 4098 Cic.
667 4047 717 4112 10,
736 4047 769 4111 4,
786 4044 812 4098 3.
831 4049 860 4099 ia
880 4064 933 4117 qao
950 4045 1070 4113 (officio),
1084 4049 1193 4101 tuendo
1213 4049 1259 4109 ta·

276 4124 327 4183 beo
349 4146 462 4186 caussas
478 4129 631 4205 pluriores,
651 4131 697 4189 vel
713 4142 849 4204 patanae
872 4130 1095 4200 necessitudinis,
1114 4133 1164 4191 vel
1184 4153 1261 4191 meae
