2618 4770
234 347 298 415 548
703 340 805 408 AVT.

230 496 392 592 placide,
425 504 487 562 ant
511 497 558 562 ite
580 493 619 560 in
639 492 772 561 mulam
796 514 946 573 erucem,
973 494 1072 561 Cure.
1097 495 1141 575 5,
1164 498 1203 576 2,
1225 496 1257 565 tt

144 646 146 651 .
237 587 311 654 hul.
328 591 347 650 8
358 633 369 669 ,
392 586 433 664 3,
456 578 507 646 10.
545 581 795 647 vehementiam
810 580 986 668 quamdam
1002 602 1177 667 cognosco
1190 583 1258 649 etis·

140 732 150 749 ,
237 677 272 740 in
289 671 357 736 Cic.
373 667 555 746 deuius,
576 671 615 749 7,
638 670 689 730 19.
707 677 768 730 ant
785 667 817 730 si
840 689 949 755 negas
965 663 1259 755 essefortuncmet
1296 680 1307 691 “

237 757 371 835 omnia,
393 748 597 841 quaefiunt,
620 773 768 838 quaeque
773 747 902 838 futura
919 763 1016 832 sunt,
1038 776 1083 818 esc
1108 753 1204 816 omni
1221 776 1260 818 en

237 843 400 912 ter-nitate
416 835 561 925 definita
578 834 666 900 dicis
689 858 760 902 esse
773 833 959 925 fataliter,
983 849 1084 902 muta
1109 833 1262 924 definitio-

237 951 315 997 nem
332 923 565 992 divinationis.
587 928 648 985 n‘eo
662 921 858 987 mutaverim
874 944 949 986 cum
961 921 1168 1010 Hottingcro
1186 923 1263 988 atsi:

234 1014 329 1104 ¹quod
345 1013 456 1100 ipsum
471 1029 541 1071 non
559 1007 646 1072 male
662 1006 788 1072 dictum
808 1019 901 1074 esset.
922 1008 987 1073 vid.
1003 1031 1039 1097 p.
1055 1009 1137 1074 429.
1187 1028 1189 1033 ·

323 1131 374 1197 14.
404 1127 483 1192 Non
507 1148 626 1215 parum
658 1123 881 1216 disceptarunt
903 1127 1115 1216 grammatici
1141 1126 1183 1192 de
1202 1126 1277 1217 varis·

237 1214 479 1304 compositione
503 1208 820 1307 particularumhanp
834 1213 1187 1313 31.,.⁹512.1‘.³.l..·:.⁰.“.l·
1222 1215 1267 1277 At·

236 1326 301 1392 que
316 1323 353 1367 re
369 1298 487 1365 acriter
502 1308 693 1385 perspecta,
716 1294 890 1387 Scioppius
909 1320 1050 1363 omnmo
1075 1300 1209 1387 negauit
1220 1319 1267 1385 pro

230 1397 316 1468 ant,
338 1383 429 1475 quod
456 1380 657 1459 ἃιαζευκτικόν
680 1390 778 1464 esset,
801 1381 882 1472 poni
898 1382 994 1473 posse
1009 1383 1077 1455 uel,
1100 1381 1267 1471 reprehen-

237 1474 351 1559 ditque
365 1493 428 1558 pro
456 1481 505 1533 ter
526 1467 617 1532 huno
640 1488 737 1532 usum
755 1470 986 1553 Casaubonum
1004 1480 1039 1534 et
1051 1464 1269 1534 Thuanumin

235 1559 308 1626 Iud.
327 1558 367 1620 de
382 1493 453 1619 sul
469 1554 554 1618 Hist.
574 1577 609 1642 p.
627 1557 697 1619 118.
719 1560 752 1618 et
776 1560 847 1620 120.
889 1555 1003 1640 Neque
1027 1552 1127 1619 aliter
1154 1553 1269 1619 Witho-

235 1643 298 1711 fius
323 1644 357 1706 in
377 1642 537 1704 Prnemet.
564 1661 651 1705 cruc.
677 1640 749 1704 crit.
775 1663 810 1729 p.
835 1643 908 1705 114.
951 1640 1063 1720 Quare
1087 1640 1224 1715 Vossius
1241 1640 1270 1704 in

234 1725 423 1796 Aristarcho
447 1724 488 1790 de
507 1725 639 1789 Constr.
664 1747 700 1813 p.
721 1727 795 1791 598.
818 1736 849 1791 et
875 1722 1079 1790 Schraderus
1105 1726 1143 1790 in
1161 1726 1270 1791 Emen-

237 1816 304 1881 dat.
332 1836 366 1900 p.
390 1815 464 1877 211.
486 1811 671 1876 excitarunt
694 1808 863 1876 bonorum
887 1812 1091 1897 scriptorum
1119 1811 1269 1899 exempla,

259 1919 381 1964 uorum
395 1897 559 1960 rationem
574 1918 674 1960 nemo
688 1898 765 1961 satis
780 1897 986 1984 perspexisse
1004 1895 1151 1962 videtur.
1188 1895 1271 2048 {psl-

235 1924 365 2070 iingius
391 1980 432 2045 nd
459 1981 617 2063 Quinctil.
633 1986 671 2059 9,
692 1986 733 2062 2,
757 1985 806 2047 18.
829 1981 979 2048 credulus
1003 1992 1170 2070 provocat
1223 2004 1270 2047 nr·

226 2070 389 2143 ‚sellinum
404 2063 612 2147 Schwartzii,
634 2065 757 2130 salsum
778 2067 814 2131 in
838 2067 900 2132 hac
916 2076 1099 2134 retentem.
1145 2068 1271 2134 Meliora

235 2168 267 2223 et
282 2154 426 2220 maxima
442 2173 496 2233 en¹
522 2163 590 2215 erte
606 2174 680 2216 vera
696 2152 807 2217 docuit
821 2148 1050 2218 Lachmannus
1068 2153 1112 2218 ad
1130 2155 1270 2242 Propert.

233 2242 274 2323 4,
296 2247 358 2319 21,
383 2238 436 2302 25.
505 2237 630 2303 rimum
653 2238 779 2325 seiungi
804 2236 924 2311 debent
940 2239 1087 2325 plurima
1106 2262 1146 2305 ea
1170 2262 1271 2306 exem·

233 2327 306 2416 pla,
330 2325 361 2388 iu
381 2323 499 2407 quibus
515 2342 577 2409 per
600 2323 651 2387 vel
672 2322 733 2386 alia
755 2322 965 2412 subiungitur
985 2322 1040 2388 vel·
1059 2327 1272 2411 praemittitur

234 2408 429 2486 disiunctio,
453 2406 488 2469 in
514 2428 577 2493 qua
602 2407 756 2493 cogitatio
787 2418 843 2473 aut
865 2408 966 2483 notio
984 2410 1201 2499 supponitur.
1239 2408 1271 2473 ld
1306 2408 1308 2421 '

231 2499 299 2564 inm
316 2494 481 2556 Gesnerus
495 2493 627 2563 monuit
640 2494 676 2557 in
691 2493 874 2560 Thesauro.
918 2493 992 2576 Qua
1016 2502 1131 2562 autern
1156 2497 1271 2575 ratione

166 2642 169 2648 ,
230 2581 313 2646 haec
336 2572 571 2673 subdisiunctio
597 2579 770 2646 conveniat
799 2584 876 2645 cum
898 2577 1063 2648 vocabulo
1087 2580 1163 2665 vel,
1187 2591 1271 2647 antes

230 2667 299 2732 iam
314 2680 462 2750 exposur.

340 2797 394 2851 cic.
412 2798 444 2850 de
462 2801 565 2854 Seneet.
588 2799 637 2866 16,
654 2800 697 2854 57.
715 2797 762 2855 ubi
776 2805 849 2858 enim
875 2810 970 2874 potest
989 2796 1044 2857 illa
1067 2809 1155 2856 aetas
1171 2813 1221 2854 ant
1237 2819 1272 2854 es·

302 2881 401 2937 lescere
417 2883 464 2938 vel
489 2887 664 2955 apricatione
681 2886 781 2942 melius
795 2886 843 2942 vel
860 2891 939 2958 igni,
966 2896 1017 2940 aut
1034 2889 1166 2942 vicissim
1181 2886 1273 2963 umbris

297 2971 412 3039 aquisve
431 2965 594 3041 refrigerari
609 2971 770 3025 salubrius?
798 2972 924 3041 leianns
950 2973 979 3025 in
994 2973 1057 3041 Dig.
1078 2969 1132 3037 11,
1151 2970 1186 3038 5,
1205 2968 1272 3036 1,4.

294 3051 363 3106 leaeo
388 3053 513 3108 clausula
537 3057 658 3125 pertinet
680 3055 720 3111 ad
745 3057 1014 3110 animadversionem
1033 3060 1113 3121 eius,
1143 3061 1192 3128 qui
1208 3075 1272 3110 com·

294 3136 371 3208 pulit
397 3136 506 3204 ludere,
534 3152 565 3192 ut
584 3152 635 3193 ant
657 3140 746 3194 multa
771 3140 903 3195 nrultetur
928 3145 1027 3196 autin
1058 3140 1214 3207 lautumias
1232 3139 1273 3194 vel

295 3225 326 3278 1η
349 3221 463 3276 vincula
486 3224 601 3293 publica
621 3225 747 3280 ducatur.
783 3227 837 3278 Cic.
859 3226 891 3277 de
908 3228 974 3295 nep.
996 3227 1028 3290 1,
1046 3224 1094 3277 42.
1119 3231 1147 3282 si
1168 3226 1272 3297 quando

296 3317 347 3360 aut
363 3311 423 3376 regi
443 3310 516 3362 iusto
539 3311 597 3363 vine
615 3309 739 3379 populus
762 3308 878 3374 attulit,
904 3328 1023 3382 regnove
1044 3328 1108 3365 essm
1128 3311 1271 3384 spoliavit,

295 3402 347 3446 aut
364 3395 449 3446 etiam
465 3420 500 3434 -·
521 3397 701 3464 optimatium
713 3398 876 3466 sanguinem
891 3398 1026 3466 gustavit.

340 3511 395 3564 Cic.
419 3511 452 3563 de
477 3513 550 3564 Orat
572 3513 604 3576 1,
624 3514 675 3579 12,
694 3513 737 3567 53.
757 3516 819 3584 quis
835 3514 907 3567 enim
927 3517 1030 3579 nescit,
1049 3519 1207 3571 maximam
1221 3519 1272 3571 uim

204 3621 211 3633 ·
293 3597 427 3649 exsistere
444 3601 565 3651 oratoris
591 3601 620 3652 in
641 3597 785 3655 hominnm
804 3595 939 3651 mentibus
959 3588 1007 3651 v'el
1023 3599 1063 3652 ad
1080 3602 1154 3655 iram
1173 3615 1224 3657 ant
1237 3603 1272 3658 ad

292 3677 388 3731 oelium
406 3689 457 3732 aut
479 3681 518 3734 ael
535 3679 662 3736 dolorem
686 3683 854 3746 incitandis,
876 3679 924 3735 nel
943 3681 979 3736 alr
1000 3680 1075 3738 hisce
1094 3687 1198 3743 iisdem
1215 3708 1271 3760 per·

290 3762 462 3818 motionibus
476 3765 515 3819 ael
532 3764 677 3820 lenitatem
695 3765 965 3838 misericordiamque
980 3770 1174 3826 revocandis?
1237 3821 1242 3830 .

334 3881 376 3931 Ita
393 3893 488 3951 poetae
511 3885 541 3936 in
558 3886 669 3938 diversis
688 3882 906 3937 disiunctionibus
924 3885 1111 3953 componendis
1138 3888 1270 3943 varietatis

290 3978 382 4015 censen
398 3967 525 4020 adhibent
544 3970 646 4023 diversa
661 3970 801 4033 vocabule,
822 3983 933 4036 quornm
950 3966 1090 4021 discrimen
1107 3989 1167 4025 non
1183 3984 1271 4026 exacte

289 4045 461 4117 distinguunt.
496 4054 592 4122 Virgil.
611 4059 678 4108 Aen.
701 4050 732 4114 6,
750 4048 794 4105 84.
827 4055 934 4106 Praeter
954 4055 1142 4109 necessitatem
1165 4060 1271 4116 Vossius

216 4176 220 4185 .
286 4129 475 4200 inTibull.1,
494 4137 530 4204 4,
546 4139 589 4194 rs.
604 4158 639 4194 a.
656 4154 706 4208 pro
724 4147 775 4191 aas
791 4137 960 4193 serronem
975 4138 1149 4199 nnuman
1229 4131 1280 4231 ι’
