2618 4770
551 314 552 318 ‘
606 312 772 395 arom.
792 386 796 393 ,
817 316 884 382 ac.
968 263 972 269 ¹

293 464 515 541 pronuntiandum
534 484 591 517 esse
609 469 728 519 senserit.
771 471 867 521 Nonne
885 467 992 536 gravior
1008 476 1050 520 est
1067 446 1189 522 amicitia
1209 488 1275 541 quan

160 560 166 583 ⁸
196 575 200 582 ·
294 558 438 626 hospitium
456 562 483 604 et
498 551 604 620 gratia?
631 570 664 603 aa
681 558 798 621 praestat
813 555 899 622 pudor
917 554 1029 606 officio?
1055 548 1198 627 Officium
1216 560 1275 608 enin

294 661 347 695 non
365 640 535 705 intelligimus
559 638 672 705 aliquem
691 639 800 705 pudoris
819 639 958 702 effectum,
986 641 1034 691 sed
1049 637 1123 707 quod
1143 659 1194 690 nos
1213 642 1274 692 ‹lici-

234 745 237 751 ·
293 745 349 779 mus
379 717 594 793 Pflr'clrtgefr'r'lsl.
630 724 707 784 Quod
734 743 796 776 vero
813 725 960 790 llerzogius
982 725 1057 776 addit
1073 725 1108 774 de
1130 722 1274 778 nominibus

293 814 414 864 effectum
433 807 659 875 significantibus,
685 819 714 861 et
735 809 879 876 posteriori
898 809 958 860 loco
976 810 1126 877 ponendis,
1156 813 1187 860 id
1205 826 1274 865 recte

293 894 450 948 observavit.
483 897 568 960 Atque
592 892 620 943 in
640 894 673 942 iis
694 894 825 944 rationem
848 892 932 944 elficit
951 890 1121 945 necessitudo
1143 897 1274 948 notionum

291 978 494 1042 mactandarum,
513 988 636 1045 utsupra
654 978 898 1030 demonstravimus.
996 1037 1001 1044 ι

330 1086 507 1150 Nonoperae
531 1081 645 1149 pretium
668 1090 708 1130 est
735 1080 832 1132 addere
857 1079 991 1156 exempla,
1011 1073 1153 1147 inquibus
1179 1103 1213 1136 ae
1229 1097 1273 1138 not

289 1154 328 1220 ita
348 1168 492 1252 distinguat
510 1178 598 1217 'rerum
623 1166 800 1232 gravitatem
828 1159 918 1217 sedin
936 1175 1047 1233 utraque
1064 1177 1143 1234 parte
1171 1187 1272 1238 aequam

290 1262 415 1322 appareat
435 1247 548 1320 pondus.
566 1243 646 1302 veluti
665 1250 793 1316 Quinctib
818 1245 884 1303 Iusta
902 1242 936 1311 i,
957 1248 989 1314 7,
1015 1250 1057 1301 10.
1083 1250 1154 1306 baec
1173 1273 1272 1327 quoque

290 1355 358 1408 pars
383 1348 496 1389 acumen
514 1356 548 1388 ae
565 1334 745 1407 vigilantiam
769 1341 872 1406 poscit.
907 1337 984 1388 Plura
1010 1337 1062 1387 iem
1088 1351 1171 1406 supra
1198 1341 1270 1393 allata

289 1432 364 1471 suot:
393 1429 421 1472 et
444 1419 556 1471 maxime
582 1419 724 1488 conspicua
749 1422 863 1474 formula
887 1422 941 1476 alii
960 1432 1045 1493 atque
1061 1419 1125 1475 alii.
1158 1425 1217 1477 Liv.
1234 1427 1270 1488 22,

158 1536 160 1547 .
290 1503 342 1571 15,
361 1504 461 1592 lssuvid.
480 1505 656 1595 iassab-'1-
992 1571 995 1578 Ι

18 1576 430 1671 ΜὛΗῙε
459 1605 642 1693 praeceptis
667 1623 731 1671 nos
754 1607 946 1671 uuiversum
961 1598 1151 1704 particulae
1178 1630 1268 1674 usum

22 1671 387 1813 (splssswoomplexl
402 1712 534 1770 sumus,
560 1708 658 1778 quem
679 1692 733 1756 alii
756 1687 1001 1756 dii'efii‘s'lo'c‘rs.
1014 1687 1198 1780 disponere
1217 1719 1268 1758 so-

218 1783 298 1847 lent.
340 1777 469 1842 Tamen
487 1779 585 1840 etiam
601 1777 681 1841 haec
698 1778 826 1872 singula
842 1788 920 1840 'sunt
934 1778 1172 1864 percensenda.
1213 1785 1267 1843 At·

25 1880 67 1940 nsf
150 1911 155 1923 .
219 1889 283 1964 quo
302 1861 452 1941 fuerunt,
475 1864 532 1948 qui
548 1864 680 1948 cognita
695 1855 778 1937 isia,
807 1855 906 1950 quom
921 1867 1126 1944 notavimus,
1150 1883 1265 1951 aequa-

18 1906 199 2061 ffiffilss
218 1952 318 2018 litatis
334 1948 493 2029 notione,
519 1959 619 2035 atquae
635 1965 699 2034 pro
716 1960 787 2034 tum
806 1949 889 2034 poni
905 1970 1003 2034 posse
1020 1951 1263 2016 contenderent.

217 2039 360 2123 Apertus
376 2044 424 2097 est
441 2045 559 2096 eorum
584 2049 697 2098 eruor:
720 2032 755 2096 id
776 2034 867 2122 ipsa,
889 2033 1008 2120 quibus
1028 2034 1076 2100 illi
1099 2036 1151 2100 usi
1169 2049 1263 2113 erant,

219 2119 373 2209 exempla
397 2120 635 2183 demonstrant.

322 2235 378 2293 Cic.
395 2239 438 2289 'ad
457 2234 536 2290 ram.
564 2231 614 2300 15,
634 2231 676 2287 11.
701 2239 797 2307 itaque
816 2223 890 2291 nibil
905 2241 946 2291 est
964 2239 1196 2311 tantum,3quod
1217 2260 1262 2312 ego

285 2342 343 2377 non
365 2330 414 2376 tua
439 2341 537 2375 caussa
563 2319 678 2375 debeam
696 2316 889 2393 facturusque
911 2327 961 2376 sim
986 2342 1070 2393 quum
1096 2326 1263 2380 studioseao
1294 2383 1298 2390 ,

287 2407 411 2463 libenter.
446 2408 541 2471 Multi,
567 2418 594 2459 et
618 2425 676 2458 cum
702 2406 734 2456 iis
759 2407 867 2472 Lagussa
892 2418 919 2459 et
942 2409 1078 2460 Sohiituius
1107 2413 1262 2480 scripserunt

286 2505 345 2547 tum
363 2490 495 2556 libenter,
517 2494 561 2544 hic
581 2484 609 2543 in
628 2484 742 2543 secunda
760 2489 879 2543 editione
905 2500 962 2545 tum
985 2493 1128 2558 studiose,
1154 2509 1213 2549 tum
1232 2496 1260 2550 li·

284 2576 387 2632 benter.
421 2581 456 2629 At
469 2578 538 2629 nihil
556 2578 643 2628 sanius
666 2575 724 2628 istis
744 2565 830 2626 'verbis
849 2575 975 2628 studiose
992 2591 1025 2630 ac
1045 2577 1175 2645 libenter,
1193 2599 1259 2648 quae,

282 2673 313 2716 ut
330 2682 363 2715 ex
384 2654 445 2717 eliis
470 2663 537 2715 locis
562 2654 673 2731 posthac
697 2656 827 2727 elucebit,
855 2656 993 2713 formulam
1013 2662 1141 2714 effitiunt.
1177 2669 1211 2716 Et
1224 2667 1258 2717 le-

283 2748 395 2816 gendum
411 2749 528 2800 videtur!
548 2744 730 2817 facturumque
757 2748 809 2798 sim
827 2755 910 2816 duam
934 2746 1061 2800 studiose
1079 2767 1115 2800 ao
1140 2747 1258 2804 libenter.

283 2838 313 2885 In
328 2835 382 2885 Cic.
401 2833 433 2884 de
451 2835 513 2905 Nat.
532 2835 564 2884 D.
584 2833 610 2895 2,
628 2830 671 2897 68,
692 2822 750 2881 145.
768 2829 873 2882 codices
888 2827 1014 2882 'exhibent
1032 2831 1160 2886 colorum
1180 2840 1256 2889 etiam
1286 2898 1288 2902 y

282 2929 309 2972 et
322 2912 487 2988 figurarum
497 2928 557 2967 tum
568 2922 741 2968 venustatem
756 2927 841 2988 atque
856 2912 982 2969 ordinem
997 2926 1032 2976 et,
1054 2927 1085 2968 ut
1103 2922 1145 2971 ita
1165 2920 1256 2987 dicam,

279 3002 436 3055 decentiam
451 2999 526 3059 oculi
545 2997 678 3054 iudicant.
716 3004 810 3051 Omnes
829 3000 944 3053 editores
965 3002 1039 3053 facili
1056 3004 1168 3069 negotio
1188 3007 1257 3058 abie-

280 3096 373 3138 cerunt
402 3097 468 3138 tum.
503 3084 531 3136 si
559 3085 616 3153 quis
640 3101 702 3136 vero
726 3087 810 3135 toturn
840 3086 998 3138 sententiam
1023 3087 1256 3156 comprehenderit,

280 3172 337 3243 ipse
357 3168 472 3236 videbit,
499 3187 553 3221 non
573 3168 604 3220 de
625 3169 757 3221 coloribus
777 3180 804 3221 et
822 3168 912 3236 figuris
932 3172 1026 3223 ortium
1052 3173 1111 3240 agi,
1134 3175 1183 3227 sed
1200 3177 1258 3226 haec

283 3257 390 3309 nomina
404 3247 535 3323 adscripta
551 3272 606 3306 esse
622 3248 663 3313 ab„
673 3249 862 3323 interpolatore
871 3256 975 3325 aliquo,
991 3251 1257 3325 iisqueomissisbene

276 3342 421 3411 procedere
436 3341 583 3391 orationem
601 3337 685 3390 henot
713 3339 834 3393 Primum
860 3341 932 3394 enim
950 3335 1025 3408 oculi
1046 3345 1075 3395 in
1093 3343 1130 3396 iis
1149 3345 1257 3408 artibus,

277 3444 392 3496 quarum
408 3422 539 3497 iudicium
558 3435 599 3485 est
620 3423 780 3489 oculorum,
807 3422 837 3478 in
857 3427 958 3496 pictis,
983 3424 1066 3495 fictis
1090 3429 1257 3503 caelatisque

270 3505 402 3579 formis,
423 3511 451 3561 in
470 3522 616 3576 corporum
637 3513 723 3564 etiarn
742 3514 865 3565 motione
881 3517 965 3584 atque
988 3521 1071 3581 gestu
1096 3513 1190 3567 multa
1209 3535 1256 3568 eer-

278 3605 348 3647 nunt
364 3591 514 3647 subtilius.-
541 3604 598 3645 tum
620 3598 794 3650 venustatem
811 3606 896 3666 atque
921 3593 1045 3649 ordinem
1073 3605 1121 3660 et,
1159 3609 1191 3651 ut
1218 3603 1255 3654 ito

282 3666 388 3743 dicam,
409 3679 560 3733 decentiam
580 3676 654 3732 oculi
672 3673 816 3732 iudicanti
836 3689 920 3751 atque
939 3679 1104 3761 etiamalio
1123 3687 1237 3738 maiora.

214 3778 224 3783 ”
288 3786 320 3847 8.
350 3785 475 3860 ATQve
493 3797 596 3867 quum
613 3779 693 3845 duas
712 3797 764 3848 ses
781 3803 884 3929 nepus
905 3779 1037 3848 ratione
1059 3795 1248 3873 componat,

205 3876 238 3931 et
259 3868 436 3932 notionum
453 3869 571 3931 seriem
594 3868 780 3950 continuet,
808 3868 820 3931 i
845 3889 951 3954 eoque
976 3868 1073 3934 iniis
1099 3864 1249 3958 ponatur,

179 3953 323 4038 ,quibus
347 3975 403 4034 ea,
434 3970 517 4037 quae
544 3961 639 4027 antea,
663 3954 748 4016 dicta
770 3957 896 4028 erunt,'
918 3953 1102 4019 distinctius
1128 3949 1251 4023 confir·

202 4055 361 4115 mantus,
388 4047 443 4102 aut
466 4036 589 4122 aliquid
620 4039 754 4102 maioris
779 4041 943 4103 momenti
967 4039 1129 4121 additur„
1149 4040 1252 4107 critici

202 4123 413 4201 docuerunt,
426 4133 528 4210 atque
545 4122 611 4189 dici
626 4145 689 4211 pro
718 4123 986 4219 “lutumst
1010 4126 1136 4192 immo.-
1161 4128 1253 4216 quod
