2618 4770
122 297 185 361 888
568 285 710 363 ¹ANTE.
1199 378 1201 391 Ι

229 448 303 502 Anto
327 442 403 498 alios
431 453 458 495 et
482 453 549 496 ante
574 460 668 498 omnes
687 412 722 495 in
746 443 881 496 codicibus
906 443 1046 495 interdum
1074 443 1173 496 conlata
1197 394 1201 507 i

193 544 266 583 sunt:
284 532 317 582 de
334 548 385 598 qna
403 548 432 580 re
447 529 500 582 vid.
518 533 659 584 Burmann.
676 530 710 580 ad
731 530 828 596 Virgil.
852 533 883 580 A.
900 530 935 595 2,
954 528 1000 581 40.
1019 548 1052 599 p.
1071 528 1131 581 197.

208 651 240 714 5.
269 648 360 714 Ante
377 648 495 710 ontnio
512 647 632 710 dicitur
648 655 681 710 et
702 645 743 733 de
761 648 871 734 prima
883 670 942 733 ¹re,
976 647 1172 712 aliissomni·

74 726 75 731 ¹
126 737 186 800 bus
201 735 430 808 antecedente,
453 743 485 796 et
500 733 540 796 de
555 755 591 796 re
633 732 785 819 raecipna
808 744 906 819 atque
921 732 967 796 ob
984 733 1172 820 divnitatem

127 834 160 887 et
174 823 241 887 vim
258 843 352 884 suam
367 818 535 906 primaria.
579 756 664 881 Illird
682 818 749 880 iam
767 819 975 882 intellexerat
994 785 1171 927 Viopken-

127 911 210 985 sius,
246 928 348 991 quum
372 908 407 968 in
433 904 572 969 Miscell.
596 903 732 968 Obser'v.
760 903 803 968 T.
829 909 860 968 8.
882 927 916 990 p.
936 907 992 968 86.
1019 915 1054 972 ct
1086 903 1122 968 Γ.
1144 909 1170 968 9.

127 1017 162 1082 p.
176 996 249 1057 250.
266 988 544 1078 interpretabatur
558 986 748 1076 confestim,
767 1001 848 1054 ante
863 988 964 1053 aliud
979 989 1170 1077 quidquam,

126 1100 234 1164 neque
251 1077 311 1140 alia
331 1076 440 1140 verior
457 1096 586 1153 caussa,
608 1088 707 1161 qnam
722 1075 891 1138 invidia-et
906 1096 1048 1139 coecum
1065 1076 1171 1139 odium
1185 1118 1201 1157 ,4

126 1165 355 1230 Burmannum
373 1161 544 1233 excitavit,
568 1161 654 1224 utin
670 1159 809 1224 Miscell.
831 1160 912 1225 Obs.
933 1160 976 1226 Τ.
992 1165 1026 1225 8.
1050 1183 1087 1248 p.
1103 1165 1170 1226 369.
1198 1166 1201 1235 j

128 1249 217 1315 etad
234 1252 366 1322 Aen.2,
397 1247 451 1309 40.
475 1247 633 1310 acerrime
652 1245 751 1308 -illam
777 1244 1027 1332 expositionem
1048 1248 1169 1334 vitupe-

43 1376 48 1388 ι
125 1346 223 1399 roret.
266 1333 342 1396 Coit
358 1331 444 1394 enim
462 1342 602 1418 utraque
616 1331 702 1395 ratio
719 1332 848 1418 primae
863 1330 1041 1396 locationis
1058 1343 1091 1397 et
1105 1334 1170 1420 pri-

111 1422 248 1484 -mariae
264 1417 428 1503 dignitatis
444 1415 479 1480 in
497 1439 615 1495 unam,
642 1430 750 1502 neque
767 1418 911 1480 omnino'
923 1418 1168 1501 desunt'flem-

125 1507 200 1595 pla,
224 1504 275 1569 vel
291 1511 448 1587 sequente
470 1502 632 1589 particula
654 1513 745 1581 tum,
773 1503 825 1566 vel
843 1502 996 1567 absoluto
1018 1525 1095 1569 usu.
1135 1504 1169 1569 ln

126 1591 227 1657 altera
265 1590 393 1653 ratione
435 1587 631 1675 explicanda
664 1587 812 1653 conferri
846 1589 1167 1676 possuntssvocabula
1199 1612 1201 1617 ·

124 1676 327 1765 praecipue,
363 1676 524 1738 maxime.
573 1672 763 1753 Praemissis
786 1674 854 1738 aliis
876 1674 974 1757 rebus
999 1675 1036 1748 id
1046 1707 1063 1754 ,·
1086 1675 1167 1763 quod
1199 1692 1201 1735 ;

125 1764 310 1828 maximum
326 1758 473 1842 uidetur,
493 1783 556 1847 per
577 1769 610 1823 et
631 1760 866 1843 alticomum,
894 1759 947 1825 vcl
970 1761 1095 1837 omissa
1115 1783 1166 1827 co·
1196 1752 1201 1819 l

124 1851 221 1937 pala,
239 1846 379 1910 additur.
975 1842 978 1850 '
1196 1830 1201 1863 ¹

231 1969 320 2018 Celsus
337 1965 370 2028 7,
388 1962 440 2025 80,
460 1961 486 2013 2.
510 1960 592 2015 alvus
614 1972 681 2016 ante
698 1965 793 2018 omnia
811 1963 939 2041 desitura
968 1975 1030 2018 tam
1054 1962 1164 2031 vulsella

195 2048 364 2104 tuberculum
382 2044 585 2117 apprehensam
599 2074 634 2090 -
651 2049 794 2102 exciditur.
819 2036 866 2129 ’8.
884 2052 916 2129 2.Ι
934 2071 961 2120 p.
980 2049 1045 2105 508.
1065 2061 1163 2122 oportet

194 2147 288 2188 autem
311 2143 379 2185 ante
403 2134 498 2184 onznia
524 2149 557 2184 os
580 2133 693 2188 nudare.
735 2135 812 2188 Geni.
839 2154 904 2205 qnae
928 2135 1052 2204 dedimus
1073 2156 1098 2206 p.
1112 2135 1161 2189 386.

194 2226 301 2270 Sueten.
319 2218 401 2282 Calig.
418 2217 461 2267 21.
480 2215 669 2271 destinaverat
686 2229 714 2272 et
736 2216 814 2293 Sami
834 2208 998 2294 Polycratis
1012 2224 1117 2294 regiam
1128 2240 1159 2275 re·

196 2309 326 2366 stituere,
352 2300 455 2356 Mileti
482 2290 655 2373 Didymeum
678 2323 829 2376 peragere,
855 2310 884 2360 in
910 2309 977 2379 ingo
996 2307 1159 2376 Alpinium·

195 2389 256 2441 bem
281 2385 415 2448 condere,
440 2384 489 2439 sed
514 2397 579 2439 anto
604 2393 699 2445 onznia
727 2389 863 2462 Isthmum
893 2390 1056 2447 iaAetata
1079 2385 1157 2463 pafo·

120 2486 126 2493 '
195 2475 268 2531 dere.
296 2474 340 2523 hic
365 2470 520 2523 coniunctae
549 2472 608 2523 sunt
634 2476 758 2527 notiones
784 2477 862 2550 prins
887 2494 971 2548 qnam
991 2475 1054 2532 alia
1073 2487 1155 2529 etna·

193 2562 238 2632 gis
257 2578 341 2632 quiam
356 2556 437 2610 alia:
455 2568 592 2626 utrumque
612 2560 681 2610 enim
700 2561 814 2628 intelligi
829 2570 926 2628 potest.
986 2584 990 2601 ι

195 2691 197 2697 ·
228 2663 323 2728 virgil.
342 2662 375 2712 G.
393 2659 419 2724 2,
437 2659 497 2711 475.
518 2679 642 2713 oravero
660 2667 789 2732 primum
801 2663 895 2717 dulces
909 2673 977 2716 anta
997 2666 1093 2717 omnia
1101 2644 1155 2718 Mi·

193 2767 241 2799 sae
258 2776 299 2789 ..,
312 2747 461 2816 accipiant.
496 2746 674 2815 Philargyrius
693 2749 829 2799 coniunxit
847 2742 973 2819 primuni
986 2758 1053 2801 anta
1072 2749 1154 2809 omnia,

193 2835 353 2882 Burmannus
380 2832 413 2881 ad
430 2835 518 2883 Musas
538 2832 643 2882 retulit:
668 2816 746 2884 variis
772 2834 910 2884 hominnm
930 2833 1026 2884 studiis
1045 2832 1154 2902 expende,

190 2917 329 2984 praecipue
351 2927 379 2966 et
395 2917 515 2984 inprimis
531 2918 635 2968 Musae:
654 2918 720 2968 illud
736 2920 769 2970 ob
789 2919 976 2970 abundantiam
991 2919 1096 2970 inanem
1109 2918 1153 2969 dis·
1199 2986 1201 2993 Ι

192 3001 277 3069 plicet
292 3004 312 3050 Ι.
328 3002 361 3050 Η.
376 3004 486 3054 Vossi0:
503 3003 555 3053 hoc
571 3002 684 3069 aliquam
701 3002 935 3055 inconcinnitatem
950 3005 1041 3071 habet,
1059 3023 1104 3056 nec
1114 3021 1153 3072 po·
1199 3000 1201 3061 J

190 3096 246 3137 test
261 3087 369 3154 probari
388 3088 422 3138 nb
442 3088 580 3140 verborum
602 3086 773 3153 positionem:
800 3090 857 3158 ipse
873 3089 983 3141 Vossius
999 3107 1058 3139 cnm
1071 3092 1153 3139 Arcen

192 3171 232 3220 sio
251 3180 278 3221 et
296 3173 330 3221 Is.
354 3172 447 3223 Vossio
470 3181 497 3222 et
513 3173 573 3222 aliis
591 3171 791 3239 comprehendit
808 3191 861 3225 una
877 3175 988 3224 notione
1007 3176 1086 3226 verba
1107 3171 1154 3227 dut·

144 3280 146 3286 ·
191 3273 236 3308 ces
260 3265 326 3306 ante
352 3260 465 3318 omnia,
494 3267 523 3306 ut
544 3256 598 3307 Ecl.
619 3256 652 3319 2,
669 3255 714 3308 62.
741 3255 820 3311 nodis
840 3256 973 3328 placeant
990 3271 1059 3311 ante
1078 3259 1155 3311 omnia

190 3338 289 3392 silvas.
323 3342 445 3389 Attamen
464 3339 529 3389 haec
549 3340 674 3394 differunt
691 3344 843 3411 aliquanto,
868 3352 896 3393 et
914 3344 1044 3409 gravitate
1057 3352 1156 3413 praestat

188 3426 277 3475 Musas
300 3423 454 3490 simpliciter
480 3439 575 3475 vocare
600 3425 706 3477 dulces:
731 3443 890 3495 qnare-non
907 3429 1048 3479 reiecerim
1071 3440 1153 3480 temera

189 3507 348 3575 Philargyrii
363 3509 529 3571 sententiam,
546 3495 596 3577 (1υά
614 3512 671 3578 ipsa
690 3513 730 3564 rei
747 3512 908 3581 praestantia
922 3513 957 3562 ad
972 3523 1076 3583 tempus
1091 3511 1155 3565 etad

191 3611 255 3660 opus
274 3594 447 3643 acceleratum
473 3594 605 3660 eleganter
629 3588 753 3647 refertur.
786 3599 843 3649 Nec
862 3597 930 3647 male
946 3599 1027 3650 verba
1051 3603 1156 3670 primum

117 3720 119 3722 -
191 3688 257 3730 ante
275 3694 370 3729 omnes
387 3679 524 3746 componi,
542 3681 621 3731 modo
639 3681 750 3740 vidimus
766 3699 793 3748 p.
810 3681 929 3734 anteced.

222 3779 279 3829 Liv.
297 3779 330 3844 2,
348 3778 381 3843 7,
401 3776 427 3833 4.
452 3781 501 3833 sed
522 3779 610 3834 multo
638 3788 728 3838 maias
754 3785 836 3835 morti
865 3782 948 3837 decus
969 3783 1087 3854 publiea
1106 3782 1155 3856 scit

188 3865 330 3916 moestitia
340 3903 348 3929 ,
366 3882 398 3916 eo
417 3877 484 3918 ante
504 3871 597 3919 omnia
615 3871 751 3938 insignis,
771 3871 838 3939 quia
856 3868 1001 3922 niatronae
1019 3870 1123 3923 annum
1134 3879 1157 3923 at

188 3959 332 4016 parentem
349 3968 410 4001 eum
436 3948 574 4003 luxerunt.
608 3953 676 4003 Plin.
704 3953 772 4003 nist.
798 3971 825 4002 n.
849 3951 881 4016 8,
904 3951 956 4017 85,
976 3950 1020 4005 53.
1050 3955 1161 4010 hibernis

188 4043 280 4084 antem
298 4051 327 4084 se
341 4030 478 4085 maurilius
494 4034 607 4088 condit:
624 4055 696 4104 quae
709 4047 810 4089 natura
828 4035 925 4091 multis
942 4047 971 4090 et
988 4048 1055 4101 ante
1075 4044 1162 4095 onznia

187 4118 268 4169 uersis.
288 4116 395 4172 Vossius
416 4118 454 4183 ad
478 4119 573 4175 Vellei.
593 4121 647 4170 Pat.
663 4121 697 4189 2,
715 4117 760 4176 24.
781 4122 886 4173 miscuit
909 4123 1029 4200 exempla¹
1055 4125 1161 4180 diversa.
