2618 4770
378 392 381 397 ⁴
479 336 681 405 v‚arura
767 299 770 305 ’
993 438 994 445 q
1067 347 1153 447 aas*

124 516 127 523 ·
156 496 241 563 nt·
262 501 293 562 1.
323 491 528 560 Arocabulo
544 510 639 558 auru
659 491 889 577 distinguimus
900 496 1130 585 praepositio<

99 599 154 646 em
165 605 256 672 prae
271 580 413 646 notione
429 580 469 643 ab
485 579 603 642 ordine
618 577 810 663 desumpta:
829 588 958 668 quapro
961 593 1037 673 pter
1046 586 1128 653 haec

99 670 218 758 uoprie
233 668 351 733 dicitur
366 667 408 730 de
419 665 554 752 reprius
571 664 695 750 agenda
712 674 744 726 ot
756 663 796 726 de
813 687 1129 759 quacumqueprae-

99 756 208 820 tantia.
249 756 295 819 At
312 751 453 837 vulgaris
468 772 544 814 usus
561 748 640 813 haec
651 747 691 812 ab
707 749 940 835 antiquissimis
956 756 1023 832 iarn
1038 769 1128 824 tem-

99 842 217 925 poribus
231 837 382 904 miscuit:
414 836 513 901 veluti
530 835 822 922 grammaticorum
841 840 1017 905 auctoritas
1039 844 1129 930 apud

99 938 231 991 taetrum
249 925 366 1009 vulgus
383 922 536 986 nondum
556 919 683 1001 effecit,
719 930 757 982 ut
774 920 932 988 vocabula
942 923 1009 1012 fair
1023 939 1055 991 et
1072 951 1130 994 cor

99 1014 233 1079 securata
254 1009 508 1096 distinguantur.
564 1004 668 1090 Igitur
692 1017 774 1069 ante
801 1008 899 1071 etiam
923 1013 1061 1095 ponitur
1089 1015 1130 1081 de

99 1116 137 1173 eo,
152 1096 241 1184 quod
257 1098 350 1184 prius
365 1091 414 1169 fit,
443 1086 499 1156 aut
517 1112 597 1190 prae
614 1089 683 1154 aliis
698 1088 796 1154 rebus
812 1092 1003 1160 conficitur:
1028 1121 1130 1183 quare

99 1183 293 1282 coniungitur
331 1198 409 1247 cum
442 1177 550 1243 verbis
580 1198 857 1262 praeoccupare,
898 1201 1130 1278 prraeparure,
1205 1212 1210 1221 ¹>
1289 1215 1291 1219 ·

99 1279 340 1357 ¹tarcacogrtare‚
360 1264 555 1350 praescire,
579 1273 611 1326 et
632 1261 702 1325 aliis
719 1260 816 1325 huius
833 1284 981 1346 generis,
1005 1281 1131 1336 etcum

99 1354 234 1421 idrerbio
257 1353 374 1443 priua.-
402 1350 443 1414 de
459 1370 526 1435 quo
542 1348 739 1434 pleonasmo
763 1347 919 1412 dixerunt
933 1351 1072 1419 Linacer
1089 1355 1131 1420 de

99 1436 219 1519 lmend.
244 1447 362 1503 struet.
379 1440 409 1500 6.
436 1458 470 1522 p.
487 1437 563 1498 476.
599 1434 762 1498 Vavassor
785 1433 956 1500 Antibarb.
985 1461 1021 1526 p.
1053 1442 1151 1507 483.⁴

99 1522 219 1615 langius
235 1549 269 1614 p.
288 1525 383 1588 1178.

182 1662 240 1715 Lis.
257 1659 289 1712 21
300 1652 373 1724 ,’20,
393 1657 418 1709 8.
435 1664 656 1728 praeoccupatos
670 1655 725 1708 iam
746 1652 865 1709 anteab
887 1653 1046 1710 Hannibale
1060 1656 1132 1713 Gat-

146 1747 239 1804 iorum
256 1748 365 1799 animos
385 1759 452 1796 esse.
476 1741 522 1792 abi
539 1741 592 1793 vid.
610 1740 812 1791 Drakenborch.
829 1735 879 1804 42,
897 1737 948 1804 47,
966 1741 992 1793 2.
1024 1742 1066 1809 10,
1087 1742 1131 1808 41,

125 1838 127 1842 ’
145 1835 174 1888 9.
190 1831 230 1887 ad
251 1841 349 1883 nutum
367 1829 478 1887 omnia,
495 1835 527 1877 ut
544 1843 578 1878 ex
597 1835 663 1878 ante
683 1836 872 1897 praeparato,
889 1824 978 1896 fiunt.
997 1827 1133 1881 ubimulta

147 1919 202 1972 elia
221 1915 357 1968 Drakenb.
376 1908 503 1973 Quinctil.
520 1910 554 1974 2,
570 1907 607 1973 4,
627 1909 671 1961 28.
687 1929 753 1962 nam
771 1909 839 1983 quid
858 1910 888 1964 tn·
904 1913 1016 1980 possint
1032 1939 1066 1953 -
1084 1911 1135 1986 qai
1175 1900 1178 1908 ⁹
1205 1922 1208 1926 '

146 1995 237 2059 atiani
251 2003 290 2054 'in
315 2001 365 2064 iis,
391 2015 462 2069 quae
477 2003 553 2046 ⁴suut
577 1997 751 2056 communia,
780 2006 808 2050 et
832 1999 861 2049 in
877 1993 1009 2064 piurimis
1027 2001 1134 2052 caussis

148 2095 314 2145 tractantur,
331 2081 544 2152 vulgatissimos
565 2097 662 2133 sensus
678 2077 779 2144 verbis,
798 2083 855 2135 nisi
873 2091 953 2133 tanto
970 2074 1134 2153 anteprae-

148 2174 270 2248 paratis,
288 2165 421 2238 prosequi
438 2174 584 2237 nequeant.
602 2165 621 2215 i.
640 2184 663 2216 e.
679 2183 727 2234 per
742 2175 796 2216 tem
811 2166 920 2217 multum
934 2175 1036 2235 tempus
1057 2178 1135 2221 antee

126 2254 323 2329 'praeparatis
356 2253 413 2303 Lis.
433 2247 483 2313 40,
510 2246 543 2312 4,
572 2248 614 2302 13.
636 2245 752 2319 femina
768 2249 807 2302 acl
825 2249 915 2302 multo
938 2263 1004 2304 ante
1020 2269 1135 2322 praeco·
1165 2266 1168 2270 '

147 2343 270 2411 gitatum
295 2335 424 2390 revoluta
443 2330 571 2405 facinus.
596 2333 646 2399 86,
667 2333 718 2400 17,
740 2334 781 2391 12,
809 2341 880 2390 satis
898 2336 1021 2408 undique
1039 2338 1136 2404 provi·
1197 2389 1200 2394 ,

149 2444 214 2483 sum
230 2434 349 2496 anteque
368 2432 549 2493 praecautum
572 2430 623 2474 est.
646 2419 691 2470 abi
717 2420 771 2471 vid.
790 2424 907 2475 Gronov.
935 2430 964 2472 et
978 2420 1012 2471 cd
1029 2420 1073 2483 21,
1091 2420 1136 2488 32,
1193 2466 1195 2470 .
1235 2462 1244 2470 .
1274 2411 1277 2417 ’

148 2512 176 2567 7.
210 2512 319 2563 Terent.
337 2503 568 2570 Andr.·1,=6‚.s.
589 2525 704 2560 uxorem
722 2507 846 2562 decrerat
865 2507 932 2560 dare
950 2522 1009 2561 sese
1030 2509 1069 2560 mi
1086 2505 1135 2559 ho·

150 2596 218 2652 elie.-
241 2612 332 2647 nonne
355 2593 484 2661 oportuit
510 2592 664 2660 praescisse
688 2611 731 2646 me
756 2595 847 2646 ante?
879 2596 987 2643 Sueton.
1014 2593 1074 2643 Tib.
1091 2590 1136 2645 67.
1193 2642 1196 2648 ,

148 2681 239 2736 Tacit.
254 2683 321 2729 Ann.
341 2676 384 2742 11,
403 2675 428 2729 7.
447 2673 519 2727 nibil
539 2695 558 2729 a
576 2695 714 2750 quoquam
732 2682 835 2749 expeti,
853 2680 908 2732 nisi
926 2679 1003 2729 cutus
1016 2670 1136 2745 fruetus

149 2763 217 2822 ante
240 2760 421 2833 praeviderit.
456 2760 507 2812 Sed
532 2763 653 2814 Lactaut.
677 2763 710 2814 de
734 2763 806 2832 Opil.
823 2764 849 2814 d.
865 2763 897 2826 2,
912 2762 938 2814 2.
958 2760 1136 2832 quemadmo-

106 2826 112 2845 .
149 2851 219 2906 dum
246 2857 339 2900 tamen
362 2849 424 2899 uita
447 2865 542 2899 earum
566 2848 653 2900 tutior
681 2858 768 2910 esset,
795 2858 861 2901 ante
885 2846 1023 2917 providit.
1062 2849 1136 2900 Haec

136 2935 239 2990 'omnia
260 2933 340 2984 etiem
360 2948 417 2982 cnm
435 2931 562 2982 vocabulo
580 2933 661 3002 prius
677 2933 800 3002 componi
817 2934 913 2986 solent.
947 2931 1063 3005 librarii
1080 2949 1135 2986 nou

126 3056 134 3069 .-
149 3038 213 3075 raro
230 3017 354 3070 adverbia
378 3016 529 3068 omiserunt.

185 3130 269 3183 Plaut.
281 3128 364 3178 «Tria.
381 3123 415 3191 5,
434 3126 469 3190 2,
486 3125 529 3182 17.
548 3146 628 3198 quem
645 3147 697 3202 ego
719 3150 774 3185 nec
795 3131 843 3202 qai
859 3138 932 3183 esset
948 3147 1063 3194 noram,
1089 3148 1135 3183 ne·

152 3235 207 3288 qne
224 3232 284 3268 eum
302 3221 369 3265 ante
384 3228 500 3282 usquam
518 3215 651 3284 conspexi
668 3219 756 3285 prius.
780 3215 850 3266 Hinc
867 3217 946 3285 prius
964 3224 1136 3285 antequam.

136 3300 248 3366 ·Virgil.
267 3301 332 3350 Aen.
356 3292 391 3356 4,
418 3295 461 3346 24.
486 3293 554 3348 atili
580 3297 627 3353 vel
645 3297 729 3353 telius
752 3311 847 3371 optem
871 3299 949 3369 prius
974 3300 1032 3352 ima
1058 3296 1136 3350 debi-

150 3393 285 3446 scat,-
302 3390 377 3445 ante,
390 3380 500 3450 pudor,
521 3399 604 3451 quam
624 3393 651 3436 te
670 3382 760 3437 violo.
795 3385 850 3435 Cic.
868 3384 961 3452 Philip.
987 3381 1020 3448 8,
1039 3380 1073 3443 8,
1090 3378 1135 3433 23.

125 3510 128 3515 .
153 3468 284 3539 dixitque
300 3485 330 3521 se
348 3484 406 3518 non
422 3475 490 3519 ante
514 3469 735 3522 renuntiaturum
761 3472 887 3533 senatui,
913 3470 968 3522 nisi
985 3469 1064 3536 prius
1081 3463 1138 3519 sibi

150 3551 360 3632 respondisset,
378 3550 447 3625 quid
457 3546 593 3621 facturus
614 3563 703 3619 esset,
728 3573 811 3627 quam
835 3572 869 3607 ex
890 3551 945 3608 illa
970 3551 1136 3604 circumscri-

105 3661 107 3665 ·
151 3629 252 3711 ptione
270 3637 421 3691 excederet.
439 3636 477 3688 itu
493 3636 597 3705 plurimi
614 3637 733 3689 codices:
753 3639 801 3691 sed
817 3656 907 3690 omnes
924 3635 1011 3688 critici
1028 3635 1137 3687 abiece-

152 3733 217 3774 runt
237 3740 293 3774 non
314 3732 381 3775 ante
398 3732 426 3774 et
444 3739 501 3773 cum
519 3724 622 3774 Faerno
640 3726 799 3777 renuntiare
819 3723 1001 3792 explicuerunt
1015 3719 1047 3771 de
1064 3719 1137 3771 exitu

151 3808 293 3874 legationis
314 3807 468 3865 nuntiando.
503 3808 705 3875 Intelligendum
722 3819 762 3860 est
780 3807 949 3878 legationem
968 3808 1136 3869 renuntiare,

153 3902 185 3943 ut
201 3893 258 3943 Liv.
275 3891 329 3955 39,
345 3891 396 3956 33,
419 3892 443 3943 1.
462 3901 489 3944 et
506 3893 636 3944 sententie
655 3892 694 3943 ita
714 3892 880 3960 accipienda:
901 3890 973 3947 dixit,
988 3908 1042 3941 non
1059 3900 1137 3942 antee
1223 3902 1227 3915 ’

141 3975 216 4041 ΙΙοοο
239 3994 267 4027 so
292 3976 465 4028 discessurum
484 3996 541 4030 esse
556 3976 591 4026 ad
607 3977 807 4029 renuntiandam
824 3977 1002 4042 legationem,
1020 3975 1071 4025 nisi
1089 3992 1138 4026 rex

155 4061 207 4112 eibi
239 4062 420 4132 respondisset
445 4064 534 4133 prius,
562 4078 639 4132 quam
663 4079 704 4121 ,ex
732 4061 780 4116 illa
810 4061 1054 4130 circumscriptione
1086 4077 1137 4112 ex-
1223 4104 1233 4114 ,

146 4145 271 4211 cederet.
920 4165 922 4168 ·

842 4245 886 4314 25
