2618 4770
209 296 269 360 nt
618 249 870 358 ‘souoovn
919 334 921 339 ,
987 382 990 387 ἲ
1031 276 1034 281 ’

207 445 395 512 admodum
411 445 516 527 desit,
539 443 802 510 Demosthenem
815 441 929 530 facile
949 436 1113 509 'ttionemn'
1137 442 1181 508 tn
1199 434 1254 510 his
1302 436 1303 449 *

206 533 289 597 locis
305 554 348 596 ne
365 534 482 597 Cicero
505 531 646 594 nimium
663 536 720 595 aut
743 530 865 594 falsum
880 529 1001 593 dixisse
1011 530 1195 608 rideretur,
1214 532 1256 594 in

207 618 432 682 Demosthene
450 617 590 680 omnino
614 615 699 679 nihil
717 612 912 694 desiderari,
933 625 967 678 et
982 616 1166 680 Antonium
1178 615 1255 680 nul-

205 704 277 769 lum
293 703 415 767 librum
431 703 615 789 scripsisse,
647 703 704 787 qui
720 700 794 788 ipso
812 701 972 765 Cicerone
988 711 1074 765 teste
1092 700 1184 766 Brut.
1201 702 1253 777 14,

209 793 281 855 163.
298 809 406 851 uuum
428 784 550 850 librum
573 787 760 872 reliquerit,
795 786 1014 850 schwartzius
1035 796 1069 850 et
1094 784 1255 851 Gesnerue
1277 792 1283 803 “

207 873 409 939 ctMiillerus
425 893 532 960 nuper
549 869 736 935 admodum
752 881 950 959 acceperunt
964 884 1026 958 pro
1035 894 1147 957 pene.-
1157 871 1255 1020 §uod

206 982 248 1023 ne
262 959 313 1022 rei
329 958 464 1042 quidem
483 958 658 1021 necessitas
674 957 876 1043 postulabat.
928 956 1015 1019 Nam
1042 957 1086 1021 id'
1102 976 1169 1043 quo
1212 976 1253 1021 ex

207 1045 315 1129 aliqua
329 1045 458 1107 ratione
471 1053 629 1130 negatum
647 1043 801 1107 volumus
810 1090 819 1123 ‚
843 1063 940 1128 saepe
956 1041 1054 1128 plene
1070 1042 1104 1107 et
1119 1062 1250 1130 prorsus
1277 1110 1280 1117 ,

205 1149 382 1213 negamus,
398 1129 497 1192 etiam
525 1149 602 1191 cum
640 1129 761 1191 uadem
784 1127 1034 1191 asseveratione.
1092 1127 1250 1193 Antonius
1266 1134 1279 1207 ¹,

206 1213 334 1295 etiamsi
347 1234 454 1289 unum
470 1212 591 1277 exilem
607 1151 730 1277 lilaum
747 1213 787 1276 de
806 1213 936 1289 ratione
950 1212 1081 1277 dicendi
1104 1211 1284 1301 scripsit-²

206 1309 266 1380 set,
288 1309 327 1362 ut
343 1299 388 1362 ait
399 1299 522 1377 ¹(licere
542 1300 635 1364 Brut.
651 1299 705 1362 44.
715 1346 725 1380 ,
747 1302 860 1362 tamen
876 1298 1015 1362 omnino
1035 1297 1163 1363 nullam
1176 1297 1250 1369 reli-1¹

230 1376 279 1449 hit
295 1385 480 1448 orationem
490 1433 500 1464 ,
522 1405 620 1471 equa
638 1382 816 1469 eloquendi
834 1406 885 1449 ars
901 1406 942 1449 co
967 1382 1192 1470 nosciposset.
1214 1382 1262 1447 lt.

190 1407 336 1534 ilisertis
352 1469 459 1535 verbis
476 1479 589 1533 narrat
606 1469 730 1533 Cicero
740 1493 774 1557 p.
791 1468 921 1533 Cluent.
941 1405 1001 1544 dO,
1029 1470 1100 1537 140.
1123 1479 1157 1534 et
1172 1466 1249 1533 bone

209 1555 428 1620 consideravit
435 1555 649 1636 Fasciolatus,
665 1556 717 1618 cui
734 1576 816 1640 quae
826 1552 1045 1637 Schwartzius
1060 1556 1096 1618 in
1103 1552 1247 1621 Manum.

205 1644 316 1727 ingen.
335 1647 364 1704 1.
381 1662 415 1727 p.
434 1642 506 1706 157.
527 1635 737 1726 obloquitur,
759 1639 845 1703 nihil
861 1637 1021 1703 efficiunt.
1066 1641 1110 1705 Et
1124 1648 1247 1727 poterat

206 1727 323 1793 Cicero
338 1727 377 1790 in
390 1727 451 1790 ista
468 1726 602 1812 quidem
619 1725 778 1789 sententia
799 1726 1010 1811 negationem
1027 1726 1127 1789 etium
1143 1733 1245 1791 tanto-

109 1826 111 1831 ’
205 1835 286 1900 pere
303 1834 438 1899 augere,
459 1823 497 1874 ut
518 1832 624 1874 unum
638 1809 733 1873 illum
748 1806 874 1874 librum
889 1832 967 1874 sane
983 1810 1103 1877 exilem
1120 1830 1244 1898 prorsus

204 1898 494 2048 praetermitteret.
537 1892 778 1958 Demosthenes
794 1907 903 1960 autem
920 1917 1024 1981 quum
1042 1892 1161 1960 dicitur
1173 1916 1245 1982 pcr-

221 1994 310 2047 ectus
329 1990 461 2061 orator,
478 1978 506 2045 ei
519 1978 657 2044 omnino
677 1976 760 2045 nihil
776 1977 919 2045 defuisse
962 1981 1138 2063 utabimus,
1156 1978 1245 2067 quid-

204 2067 285 2154 quid
301 2066 369 2154 aliis
385 2065 421 2130 in
435 2064 518 2130 locis
528 2066 646 2130 Cicero
662 2065 697 2130 in
708 2088 747 2130 eo
762 2005 1021 2153 reprehendierit.
1041 2067 1154 2146 Quare
1168 2063 1246 2129 nihil

131 2158 134 2165 '
205 2152 333 2232 obstat,
359 2173 427 2237 quo
450 2151 560 2234 minus
577 2147 654 2215 huic
672 2150 838 2217 formulae
862 2172 961 2215 unam
980 2150 1246 2239 significationem
1276 2225 1279 2229 Ι

204 2237 391 2302 tribuamus
399 2284 410 2318 ,
430 2252 495 2323 qua
511 2237 642 2323 negatio
658 2241 804 2323 ponatur
819 2235 969 2302 absoluta
984 2248 1017 2301 ct
1030 2237 1150 2325 plena..
1182 2234 1244 2317 Nou
1293 2234 1303 2293 ¹·

207 2323 345 2388 dicimus
359 2345 435 2411 gor.
450 2321 545 2400 hein,
564 2345 636 2410 gur
654 2322 776 2386 uiolato.
823 2354 841 2386 x

307 2451 389 2501 Plaut.
408 2452 490 2503 Mero.
510 2450 542 2512 2,
563 2450 588 2513 3,
608 2448 652 2501 65.
669 2447 774 2504 horunc
793 2444 846 2502 illa
860 2448 978 2505 nihilum
996 2452 1144 2524 quicquam
1155 2447 1244 2521 fucere

261 2533 379 2607 'poterit
405 2535 567 2591 admodum.
611 2539 666 2590 Cic.
691 2540 764 2588 Brut.
789 2535 840 2600 58,
858 2537 920 2589 210.
943 2557 1007 2595 nam
1028 2536 1184 2625 litferarmu
1203 2533 1244 2587 od·

272 2621 386 2673 modum
396 2620 468 2674 nihil
488 2622 601 2676 sciebat.
618 2624 637 2672 i.
655 2641 678 2672 c.
696 2639 753 2672 von
772 2621 823 2676 W
821 2619 990 2692 issensehaft
1007 2623 1141 2677 verstand
1159 2643 1187 2677 ar
1201 2641 1246 2695 gar

276 2703 378 2759 nichts.
414 2706 515 2757 Gellius
539 2705 587 2770 19,
615 2704 657 2758 12.
682 2710 750 2779 quia
766 2704 838 2758 nihil
853 2703 1005 2758 admodum
1024 2724 1109 2778 super
1129 2713 1188 2763 vita
1203 2717 1247 2761 ast

207 2815 234 2829 ·-
270 2787 369 2842 arbore
387 2790 514 2844 -colenda
540 2791 629 2843 sciret.
670 2791 758 2841 Livius
786 2788 835 2850 23,
854 2790 905 2858 29,
933 2790 974 2843 14.
985 2835 989 2849 ,‚
1001 2797 1135 2865 equestris
1158 2812 1248 2866 pugna

271 2874 351 2929 nulla
369 2872 520 2928 adoindum
534 2869 609 2943 fait.
632 2875 651 2922 i.
668 2892 691 2924 e.
710 2891 775 2941 quae
785 2894 819 2926 ne
828 2876 948 2941 instituta
961 2880 1066 2948 quidem
1083 2886 1162 2931 esset'.
1181 2879 1249 2931 Noa:

271 2961 317 3014 die
339 2959 463 3035 Baiterei
483 2957 547 3012 ham
572 2975 606 3010 zu
626 2977 679 3028 gar
702 2959 808 3014 heinem
830 2960 962 3033 Gefeeht.
983 2965 1032 3028 40,
1050 2961 1101 3028 59,
1121 2963 1149 3016 2.
1166 2980 1250 3021 armo,

229 3069 231 3074 ·
270 3063 329 3096 ram
342 3042 488 3098 hostilium
506 3061 637 3114 magnam
653 3045 711 3096 vim
729 3047 896 3113 transtulit:
916 3049 1024 3101 nullam
1041 3052 1190 3118 pecuniam
1204 3047 1250 3101 ad·

270 3128 391 3181 modam.
411 3130 530 3196 intellige
552 3132 581 3182 in
599 3133 738 3183 aerarium
757 3132 923 3198 transtulit,
941 3150 974 3185 ne
992 3134 1020 3183 in
1045 3131 1095 3197 iis,
1124 3149 1194 3204 quae
1208 3152 1249 3187 ee-

269 3225 402 3283 quuntur,
420 3216 536 3266 haereas.

302 3316 470 3369 Kaercherus
490 3317 519 3367 in
540 3312 624 3366 lahnii
642 3317 735 3369 Annal.
752 3317 880 3388 philolog.
897 3320 929 3382 1,
951 3320 974 3368 1.
991 3338 1017 3388 p.
1035 3319 1094 3372 202.
1114 3331 1145 3372 ut
1167 3324 1251 3374 omnia

204 3458 206 3462 ,
270 3402 304 3455 ad
321 3423 397 3455 unam
417 3403 619 3472 explicationem
636 3404 765 3468 referret,
792 3406 927 3457 Ciceronis
945 3406 1025 3456 verba
1047 3406 1129 3458 Curio
1146 3404 1252 3459 litteras

268 3509 328 3542 rum
344 3489 496 3541 admodum
515 3486 586 3540 nihil
603 3486 710 3540 sciehat
724 3484 910 3558 interpretatus
930 3500 988 3539 est:
1007 3488 1075 3540 nihil
1092 3491 1251 3555 litterarum,

269 3576 302 3626 ad
321 3576 418 3626 iustum
435 3592 524 3625 earum
541 3570 664 3633 modum,
682 3573 753 3640 quod
772 3586 850 3639 esset,
869 3593 976 3643 prorsus
995 3573 1063 3625 nihil
1084 3576 1131 3642 (G.
1151 3573 1254 3648 wasste

173 3682 175 3687 ’
266 3658 357 3712 nichts
376 3678 431 3711 von
455 3654 678 3710 Gelehrramlreit
694 3655 764 3708 nach
788 3658 851 3711 dem
876 3658 1010 3729 richtigen
1028 3657 1134 3731 Maste
1152 3662 1253 3716 darsel-

266 3741 328 3808 bau,
349 3742 376 3794 d.
397 3746 415 3796 i.
435 3737 583 3813 eigentlich
600 3760 655 3813 gan
671 3739 788 3807 nichts).
806 3762 872 3812 quae
898 3753 945 3794 aut
961 3760 1015 3794 non
1035 3746 1188 3813 perspicio,
1208 3746 1254 3798 aut'

266 3830 312 3880 ille
341 3829 451 3880 mirifice
478 3828 598 3891 fallitur,
624 3845 703 3896 quum
727 3827 833 3880 modum
858 3828 985 3894 intelligit
1009 3827 1173 3896 litterarum,
1200 3850 1255 3884 non

158 3975 161 3980 .
267 3915 372 3966 modum
390 3913 519 3966 inscitiae.
541 3913 575 3964 Et
594 3912 677 3963 sicin
696 3912 908 3982 ceterisquoquo
930 3916 1063 3984 exemplis.
1088 3917 1156 3967 Nam
1171 3917 1257 3970 natta

269 4003 390 4069 pecunia
406 3997 558 4051 adntodum
576 3992 743 4048 Kaerchcrus
760 4013 883 4063 perverse
901 4000 1030 4069 explicat:
1054 4001 1126 4052 nulla
1141 4004 1258 4071 pecunie·

265 4100 297 4134 ex
319 4086 520 4150 comparatione
539 4100 670 4137 armorum
689 4077 738 4147 (im
765 4080 912 4154 Vergleich
938 4086 990 4137 mit
1009 4082 1064 4140 den
1096 4086 1252 4161 Waffen).
