2618 4770
119 307 184 375 328

11 455 15 461 ’
120 462 234 555 potest
248 462 384 550 quidem
399 458 598 528 affirmando
622 459 774 525 substitui
789 484 837 526 an
857 460 948 527 rsilril
956 455 1135 553 gratiam
1173 477 1191 517 ³

118 548 262 615 siderite
287 559 320 613 at
344 549 428 614 dixit
451 546 506 612 ille
527 557 705 633 negaturus
721 548 834 612 acacio
849 571 897 612 aa
912 548 1137 637 31111111ιί1-
1164 549 1191 603 ‘⁶

119 656 224 723 quam
244 633 421 699 acciderit.
453 634 475 698 i.
496 653 524 696 e.
546 654 616 697 non
640 643 737 720 puto,
780 633 841 698 Hic
862 636 932 698 crat
953 654 1031 699 usus
1053 657 1140 700 recur-
1184 628 1191 636 ’

30 740 36 753 ·
118 722 245 784 tiorum
262 721 408 784 maxime
426 717 491 782 scri
520 730 650 799 torum,
698 720 730 782 ui
753 742 771 783 1
794 719 965 788 Ciceronis
992 731 1142 785 consuetu·

121 806 198 872 dine
214 807 416 871 secedebant.
461 740 585 868 Piinius
609 805 658 868 uti
673 742 778 892 ipist.
794 809 833 879 7,
862 809 913 870 19.
937 805 1080 882 dixerat,
1097 805 1143 871 do·
1184 799 1191 859 1

118 890 173 957 leo
192 893 283 957 enim
298 888 678 988 maximamseminam
693 889 782 976 eripi
801 890 1146 971 cartusiensium

15 974 18 980 ’
119 977 192 1059 idio
212 1000 259 1041 an
273 975 409 1077 aliquid
424 976 536 1040 simale
556 976 688 1040 visuris.
713 978 735 1041 i.
753 997 782 1038 e.
812 998 854 1040 an
879 997 1042 1062 umquam
1056 977 1146 1043 visat
1184 973 1191 1031 ἶ

120 1062 244 1159 aliquid
268 1063 394 1144 simile,
425 1062 505 1125 dicit
528 1062 713 1148 etiamEp.
738 1065 778 1136 3,
801 1062 968 1126 anano
994 1061 1148 1128 anulum

119 1159 252 1232 tempus
281 1147 464 1220 iucundius
489 1148 672 1234 exegerim.
703 1147 725 1210 i.
751 1168 780 1209 e.
810 1168 880 1210 non
908 1144 1009 1234 puto.
1062 1147 1100 1210 Et
1116 1148 1149 1213 itt

117 1232 228 1298 Valer.
245 1232 336 1299 Max.
351 1236 389 1309 5,
414 1239 453 1312 2,
474 1236 506 1297 9.
528 1232 639 1296 multa
652 1231 812 1318 insignia
825 1232 993 1332 Pompeio
1000 1279 1012 1309 ,
1034 1232 1092 1297 sed
1104 1256 1150 1297 m·
1188 1298 1191 1313 ,

118 1317 190 1383 scio
212 1340 261 1382 aa
275 1320 339 1383 leoc
353 1318 541 1407 quidquam
563 1316 805 1382 admirabilius
828 1319 1027 1406 contigerit.
1068 1318 1151 1385 Corn.

118 1402 246 1469 Timol.
272 1410 309 1484 1,
333 1411 363 1469 1.
394 1426 540 1491 namque
565 1404 644 1468 lutis
668 1404 730 1466 rani
747 1403 913 1491 contigit,
1014 1402 1151 1469 draus

120 1511 169 1555 aa
181 1488 257 1554 ulli.
290 1490 450 1570 Quinctil.
466 1494 506 1571 9,
527 1491 566 1570 4,
590 1497 620 1553 1.
641 1489 697 1553 cui
711 1488 824 1553 nescio
839 1512 887 1553 an
901 1486 940 1552 ul
953 1512 975 1553 a
985 1511 1077 1577 pars
1090 1510 1152 1575 aps-

118 1574 283 1641 riseritis
298 1577 345 1640 sit
359 1577 476 1675 magis
494 1573 686 1639 elaborata.
715 1580 777 1654 10,
802 1578 838 1656 1,
865 1575 919 1638 66.
945 1578 980 1638 el
995 1575 1107 1640 nescio
1118 1596 1153 1639 aa

118 1659 194 1724 ulla
209 1696 252 1712 -
271 1673 333 1724 arat
348 1662 497 1726 similior
519 1660 566 1724 sit
586 1656 797 1737 oratoribus,
822 1671 884 1724 aut
901 1668 963 1725 etc.
994 1665 1036 1739 7,
1059 1659 1153 1737 2,11.

118 1745 179 1811 ubi
193 1749 337 1811 correxit
353 1747 581 1834 Spaldingius,
602 1746 697 1810 sicuti
711 1744 746 1808 in
763 1744 843 1811 aliis.
874 1745 992 1810 Senes.
1012 1746 1153 1810 Contror.

62 1860 86 1885 ···
118 1837 152 1898 8.
175 1831 282 1897 Praei.
299 1855 334 1919 p.
354 1838 426 1898 120.
446 1833 552 1896 Gron.
577 1830 739 1917 splendor
751 1831 919 1895 orationis
943 1834 1154 1919 1111111111-

119 1917 191 1980 scio
205 1941 254 1981 aa
276 1919 314 1981 in
329 1919 400 1982 ullo
420 1917 491 1981 alio
505 1913 630 2004 fuerit.
674 1916 798 1980 Gellius
817 1916 855 1993 6,
877 1922 930 1982 20.
953 1917 1066 1982 nostri
1086 1938 1154 2003 φισ-

166 2025 183 2066 e
205 2002 374 2067 soloecum
394 2000 519 2088 facile,
549 2002 782 2067 soloecismum
805 2003 917 2066 acacio
941 2024 989 2066 an
1012 2022 1155 2091 umquam

119 2025 284 2152 dixerint.
333 2088 371 2153 In
401 2087 627 2168 Quinctiliano
651 2089 871 2153 Buttmannus
895 2087 935 2151 ad
959 2093 1018 2162 12,
1050 2093 1105 2163 10,
1130 2091 1155 2150 2.

118 2172 252 2237 nullum
267 2174 460 2260 exemplum
479 2173 763 2248 certuminvenit,
786 2173 822 2236 in
838 2194 903 2259 quo
917 2172 974 2237 ille
988 2171 1155 2237 formulam

119 2259 234 2322 nescio
259 2283 306 2322 aa
327 2261 471 2323 iunxerit
494 2259 659 2344 negationi
683 2260 829 2346 (111117,
850 2264 889 2340 2,
903 2258 965 2345 110.
988 2279 1071 2323 unus
1092 2266 1155 2321 111-

119 2353 193 2406 tum
212 2344 318 2407 codex
332 2344 431 2409 habet
446 2348 659 2431 mamaeam),
682 2347 817 2433 ipseque
834 2343 1038 2430 suspicatur,
1061 2343 1155 2424 Quin·

9 2458 14 2465 ·
120 2428 293 2492 ctilianum
311 2431 347 2494 in
364 2431 473 2495 verbis
496 2432 707 2517 augentibus,
731 2427 958 2510 laudantibus,
980 2449 1154 2494 asseveran-
1188 2484 1191 2491 .

119 2513 229 2591 tibus,
249 2507 468 2581 velut'nescio
485 2541 532 2580 aa
544 2517 736 2602 plurimum
752 2536 850 2578 sensu
871 2512 1088 2595 affirmativo,
1109 2511 1155 2576 sed
1178 2518 1191 2545 '¹

119 2599 233 2664 nescio
258 2624 306 2664 aa
328 2602 452 2678 ullum,
476 2603 589 2667 nescio
614 2624 661 2666 aa
680 2598 880 2683 enarrabile?
897 2601 1050 2686 negativo
1072 2620 1155 2663 usur-

100 2707 227 2773 passe.
273 2686 374 2766 Quod
391 2689 533 2752 nimium
551 2688 696 2752 videtur:
719 2697 830 2749 tamen
857 2685 893 2757 in
914 2685 977 2750 hac
999 2709 1037 2750 re
1059 2685 1168 2765 cuius,

120 2791 186 2855 que
209 2772 381 2858 scriptoris
405 2773 678 2838 consuetudinem
707 2772 938 2857 maximopere
963 2792 1112 2835 curemus
1130 2776 1156 2831 et

119 2877 287 2920 servemus
305 2881 437 2923 necesse
453 2859 524 2925 erit.
571 2856 810 2938 Quinctilianus
833 2857 968 2940 quidem
987 2862 1038 2937 12,
1063 2854 1109 2936 10,
1129 2858 1154 2917 2.

118 2943 274 3026 scripsit:
305 2956 405 3030 atqrae
432 2944 511 3008 ideo
536 2944 689 3008 nondum
711 2953 761 3006 est
786 2938 960 3029 perfectus
984 2953 1103 3006 orator
1123 2960 1156 3002 ac

120 3028 233 3091 nescio
249 3052 296 3090 aa
312 3053 369 3093 ars
386 3031 470 3094 ulla.
493 3031 527 3092 iu
553 3052 619 3116 quo
644 3029 721 3092 loco
747 3050 816 3091 non
840 3038 908 3090 tam
928 3027 1035 3090 facilis
1054 3025 1155 3090 fuisset

120 3113 299 3178 correctio.
341 3115 380 3178 ln
404 3117 572 3179 Ciceronis
593 3115 685 3177 libris
704 3134 807 3198 quum
823 3112 888 3175 duo
904 3123 1035 3177 tantum
1055 3133 1156 3176 exem·

119 3197 176 3284 pla
191 3197 232 3260 ad
256 3201 321 3261 Att.
343 3201 382 3281 4,
404 3207 435 3264 3.
460 3211 492 3265 et
508 3203 600 3265 Orat.
619 3205 657 3280 2,
682 3203 713 3263 7.
736 3199 961 3273 inveniantur,
992 3196 1156 3285 inquibus

119 3283 185 3346 ulli
213 3292 244 3346 et
268 3306 427 3370 nmquam
452 3287 491 3349 ab
517 3285 671 3349 omnibus
703 3283 869 3347 codicibus
903 3283 1011 3346 adhuc
1044 3282 1157 3369 collutis

120 3366 381 3446 confirmantur,
424 3393 609 3457 eorumque
632 3370 803 3454 corruptio
825 3368 860 3430 in
883 3369 1040 3454 proxima
1062 3369 1159 3432 littera
1187 3400 1189 3413 ·

4 3472 6 3474 ·
119 3476 144 3516 n
159 3453 259 3516 latere
276 3454 443 3534 videatur,
468 3457 653 3542 quaeritur,
676 3455 784 3517 sintne
801 3476 836 3516 111
852 3453 891 3516 iis
912 3453 1019 3528 locis,
1036 3455 1071 3517 in
1095 3450 1159 3538 qui-

118 3538 180 3600 bus
198 3539 327 3602 codices
345 3542 488 3622 variant,
516 3552 603 3605 certe
623 3541 664 3604 ali
690 3541 742 3613 ui,
767 3540 823 3624 qui
839 3536 882 3601 ob
898 3561 1030 3602 sensum
1046 3540 1160 3606 verbo-

118 3643 194 3685 rum
227 3625 410 3688 necessario
441 3628 611 3710 requirant
638 3563 746 3688 nilum
769 3634 802 3689 et
823 3646 995 3709 umquam.
1072 3622 1161 3708 Atqui

118 3708 229 3769 nullus
246 3721 312 3772 est:
334 3710 439 3773 immo
459 3712 529 3775 Cat.
549 3717 599 3789 16,
621 3714 674 3775 56.
699 3732 769 3774 non
783 3709 1002 3795 poteratdiei,
1028 3721 1066 3772 ut
1083 3728 1160 3773 nunc

120 3791 334 3857 Gernltardus
350 3796 531 3860 existimat:
556 3819 634 3859 mea
651 3795 786 3882 quidem
801 3795 971 3858 scatentia
987 3795 1088 3858 baud
1099 3794 1160 3858 scio

119 3900 168 3940 an
190 3877 262 3940 ulla
279 3878 413 3945 beatior
427 3905 496 3946 esse
506 3882 638 3966 possit:
667 3903 745 3944 nam
769 3881 948 3966 praemissa
970 3880 1071 3945 verba
1092 3900 1162 3944 meo

118 3961 256 4047 qraidem
273 3967 444 4030 scatentia
461 3976 649 4030 monstrant
672 3965 770 4049 sequi·
787 3965 906 4029 debere
927 3965 1068 4031 verbum
1092 3964 1162 4052 opi·

117 4046 228 4110 nionis
248 4059 371 4130 certae,
396 4075 465 4116 non
488 4052 646 4117 inscitiae.
688 4051 732 4115 Et
746 4051 782 4114 in
801 4051 893 4114 Orat.
912 4057 951 4126 2,
975 4056 1008 4115 7.
1030 4051 1089 4115 ubi
1102 4051 1167 4115 iant

52 4174 55 4181 ›
116 4128 249 4199 Iuntina
266 4133 399 4203 exhibet
413 4159 608 4227 numquam,
628 4137 664 4202 id
679 4157 784 4202 unum
800 4137 929 4203 admitti
940 4147 1057 4225 'potest
1068 4137 1162 4204 resti·
