2618 4770
345 324 605 409 sumanus,
636 326 877 393 novensvs.
932 312 936 319 '
975 348 979 353 -
1078 334 1138 397 m

111 501 149 546 ue
163 492 357 568 usurpatur,
373 483 432 567 qui
446 500 625 553 conversus
636 491 685 545 est
696 480 737 545 ad
747 480 892 568 aliquem
902 481 1088 555 horninem,
1106 493 1139 545 ct

111 568 364 643 ,acessitudinem
388 566 567 653 quamdam
593 566 767 629 constituit
790 589 867 629 cum
889 568 1020 653 aliquo:
1047 568 1140 652 qnod

111 652 502 739 tnoaculalingoanastro
510 651 662 723 similiter
669 652 834 739 designat:
853 653 1063 739 gegen,siclr
1070 675 1139 739 ge-

110 762 159 825 ren
172 741 271 819 einen
284 738 489 813 ncrlralten,
506 735 700 813 derrehmen.
755 736 849 801 Vnde
870 735 927 803 lit.
954 747 992 799 ut
1013 736 1141 803 allacr-

110 826 332 893 cierationem
361 824 460 887 etium
484 846 557 887 eam
581 816 766 911 exprimat,
796 824 931 909 querci
955 822 1141 909 dirigendae

111 911 209 979 nodus
222 920 428 997 potestatem
443 910 455 972 i
481 910 548 973 sius
563 910 612 971 rei
630 908 733 981 elicit,
760 918 803 991 et,
827 918 985 993 quatenus
1000 908 1072 995 ipsa
1087 934 1139 974 res

112 996 210 1077 valeat,
251 994 405 1073 ostendit.
455 932 526 1059 lios
563 994 702 1059 dicimus
733 995 772 1057 in
803 992 942 1079 Benng·‚
981 994 1018 1059 in
1048 994 1140 1061 llin-

114 1082 178 1147 n‘cltt
198 1078 274 1169 anf,

201 1202 259 1256 cic.
282 1200 318 1251 ad
335 1185 407 1253 Fam.
430 1199 482 1267 11,
497 1200 547 1261 27,
569 1199 610 1251 11.
631 1216 753 1269 quonam
778 1200 862 1251 modo
885 1218 930 1251 me
948 1216 1071 1271 gererem
1092 1200 1142 1251 ad·

160 1302 251 1339 nasus
265 1284 426 1351 Gaesarem,
453 1303 519 1337 usus
536 1296 585 1336 tuo
611 1284 730 1345 consilio
754 1302 823 1348 suns.
844 1284 878 1333 ed
894 1286 965 1336 Fam.
979 1284 1013 1347 9,
1029 1286 1080 1348 22,
1101 1284 1141 1335 15.

160 1382 186 1425 tr
198 1370 390 1427 adversumne
405 1375 500 1423 onznia
514 1368 616 1422 audere
630 1380 743 1441 gyratam
764 1372 814 1422 e'st.
838 1371 858 1433 i,
871 1389 894 1421 e.
917 1388 975 1425 meo
989 1388 1096 1432 caussa,
1113 1371 1143 1420 in

161 1474 214 1509 rem
227 1474 322 1509 meam.
342 1456 428 1517 Tacit.
448 1460 515 1517 Anu,
529 1453 563 1515 2,
584 1452 627 1506 71.
646 1458 672 1509 si
681 1451 752 1525 fato
769 1455 958 1517 concederem,
974 1458 1064 1509 iustus
1075 1453 1144 1507 nuli

161 1541 242 1595 dolor
250 1528 344 1595 ¹'etiam
354 1536 491 1593 'adversus
506 1538 572 1593 dede
595 1552 683 1603 esset,
706 1540 782 1613 quod
802 1560 844 1593 me
862 1538 1025 1610 parentibus
1046 1537 1143 1592 liberis

161 1630 273 1699 patriae
287 1630 362 1683 intra
377 1627 519 1687 iuventam
533 1638 711 1697 praematuro
729 1629 807 1693 onitu
817 1634 955 1695 raperent.
974 1625 1007 1687 1,
1023 1623 1065 1674 65.
1086 1622 1144 1676 lea·

161 1725 204 1769 tae
218 1712 367 1803 adnerspm
381 1712 499 1783 imperia
513 1728 605 1763 aures.

193 1822 297 1887 Livsd,
318 1820 370 1887 35,
394 1820 423 1875 4.
449 1839 617 1895 quamquam
639 1821 774 1879 adversus
803 1821 950 1876 Romanos
970 1817 1081 1899 mellum
1103 1822 1144 1873 cis

163 1914 204 1965 ius
226 1912 371 1965 societatis
394 1911 570 1963 anricitiacve
593 1920 663 1969 erat.
692 1905 921 1972 cincinnus,
942 1904 1063 1971 29‚108.
1084 1923 1144 1957 cum

163 1998 233 2049 iusto
249 1997 365 2050 enimet
383 1993 510 2065 legitimo
525 1992 605 2046 hoste
617 2011 661 2046 rrs
672 1991 839 2063 gerebatur:
861 1991 995 2052 adventus
1017 2010 1096 2064 quem
1118 1999 1145 2042 rt

164 2092 252 2137 tolum
265 2082 310 2133 ius
315 2074 426 2153 fetiale
443 2090 471 2133 et
484 2074 575 2144 multrl
588 2088 655 2143 sunt
671 2081 733 2132 iura
752 2081 917 2153 communia.
936 2077 1021 2129 Tacit.
1036 2080 1104 2127 Anu.
1117 2075 1144 2139 3,
1236 2132 1239 2137 ,

164 2167 202 2219 29.
221 2167 362 2238 privignis
379 2185 438 2219 cum
455 2167 553 2217 vitrico
578 2162 666 2231 lenior
684 2163 855 2223 necessitudo
876 2180 960 2235 quam
974 2181 1029 2216 avo
1048 2162 1145 2214 adver·
1199 2210 1203 2218 ,

165 2272 220 2307 sunt
228 2263 366 2323 nepotem.
387 2251 427 2312 11,
448 2250 490 2303 54.
510 2248 677 2304 tuncsolida
694 2249 771 2301 domi
783 2251 859 2322 quies
878 2248 1148 2311 etaduersusexter·

166 2336 362 2409 nufloruimus,
379 2338 469 2393 Germ.
478 2335 521 2393 23.
539 2335 685 2389 adversum
694 2336 833 2407 sitimnon
842 2334 940 2389 cadem
950 2337 1145 2404 temperantia.

195 2445 251 2494 Cic.
278 2441 312 2491 ad
330 2441 402 2491 Fam.
427 2440 534 2502 3,13,
561 2439 586 2490 8.
619 2458 700 2508 quum
721 2437 788 2491 lruec
813 2436 981 2499 scribebam,
1008 2454 1147 2489 censorem

166 2530 218 2581 iam
240 2539 268 2581 te
283 2541 342 2579 csse
361 2522 509 2593 sperabam
517 2516 535 2575 .’·’
553 2545 585 2577 eo
603 2524 713 2577 brevior
734 2536 777 2576 est
794 2522 861 2575 llaec
883 2522 1020 2592 epistola,
1049 2533 1091 2584 et,
1117 2533 1147 2573 ut

166 2614 296 2667 adversus
310 2612 474 2681 magistrum
489 2628 613 2672 morum,
639 2610 800 2662 modestior.
840 2612 869 2659 ln
885 2610 926 2659 his
945 2609 1077 2661 adversus
1093 2624 1146 2657 non

127 2718 130 2723 ·
164 2698 230 2751 idem
244 2708 286 2749 est
301 2694 373 2763 quod
386 2694 442 2757 acl,
470 2697 543 2763 quari
566 2698 620 2748 dici
639 2697 739 2771 possit,
765 2693 917 2765 epistolam
938 2693 1074 2757 adversus
1094 2692 1149 2746 ali·

166 2802 241 2856 quem
257 2777 376 2835 scribere
390 2782 432 2832 vel
448 2784 564 2845 mittere,
586 2784 633 2834 sed
652 2800 730 2850 quum
753 2780 823 2829 adsit
839 2776 964 2847 magister
979 2797 1098 2840 morum,
1119 2783 1148 2832 in

167 2866 294 2923 Hinsiclrt
317 2860 376 2934 anf
393 2868 474 2919 einen
491 2868 691 2922 Sittenriclrter.
729 2866 835 2917 Tacitus
855 2870 921 2915 Ann.
939 2863 989 2927 15,
1010 2862 1052 2916 63.
1077 2866 1147 2916 scri-

164 2954 244 3021 psisse
260 2938 374 3017 videtur,
388 2965 419 3003 ut
431 2954 512 3009 habet
526 2955 609 3006 codex
625 2955 759 3005 Flaccus:
782 2949 974 3020 complectitur
988 2967 1110 3010 uxorem,
1120 2962 1149 3005 et

168 3037 331 3108 paullulum
346 3037 478 3091 adversus
500 3051 674 3110 praesentem
691 3034 894 3108 fortitudinem
914 3035 1050 3100 mollitus,
1066 3049 1149 3109 rogat

168 3136 291 3197 oratque,
314 3136 478 3195 temperaret
493 3125 594 3179 dolori.
616 3126 661 3176 sed
674 3125 770 3191 duplex
784 3141 840 3173 esse
856 3122 959 3173 videtur
977 3123 1071 3174 horum
1087 3142 1147 3174 ver-

167 3210 256 3263 borum
280 3228 381 3262 seusus.
419 3214 517 3263 Seneca
539 3213 625 3272 enim,
653 3212 694 3262 cni
719 3210 861 3260 amicorum
880 3209 1004 3259 lacrimae
1027 3219 1105 3259 antea
1122 3210 1149 3259 in

167 3298 269 3349 modum
286 3296 450 3349 coercendae
466 3307 559 3359 erant,
578 3315 647 3346 nunc
669 3297 812 3347 fortissima
827 3310 908 3343 uxore
923 3304 1065 3360 conspecta
1083 3312 1148 3345 nar-

171 3392 240 3433 ratur
257 3381 400 3449 paullulum
424 3382 542 3433 mollitus
568 3383 665 3444 scrisse,
685 3383 738 3431 sive
761 3379 905 3446 respiciens
927 3378 960 3427 ed
985 3389 1148 3446 praesentem

169 3466 366 3531 fortitudinem,
391 3468 462 3535 quod
476 3485 524 3517 noe
544 3467 653 3517 dicimus
669 3468 697 3519 in
716 3466 810 3534 Bezug
824 3459 882 3531 auf
894 3463 969 3517 diere
992 3460 1149 3531 Standlras·

169 3551 280 3622 tiglreit,
298 3553 353 3603 sive
368 3571 456 3603 coram
472 3554 605 3621 praesenti
625 3554 674 3603 hec
689 3550 860 3602 fortitudine:
881 3551 913 3600 de
930 3569 981 3616 qun
998 3568 1043 3599 usu
1061 3550 1148 3615 pratillo

170 3648 225 3688 ante
241 3639 388 3704 expositum
410 3650 458 3689 est.
496 3640 620 3689 Praesens
643 3636 773 3688 fortitudo
797 3646 837 3686 est
860 3648 998 3703 prompta,
1023 3653 1088 3701 quac
1112 3636 1149 3686 sic

170 3739 194 3772 se
207 3733 333 3790 praestat.

211 3827 292 3877 Gaius
310 3828 336 3882 in
353 3828 413 3893 Dig.
430 3826 481 3890 41,
499 3826 534 3889 3,
550 3824 576 3876 5.
604 3842 656 3896 quo
682 3843 748 3877 casu
769 3843 824 3878 non
846 3826 979 3879 aduersus
1004 3844 1067 3882 eum
1089 3837 1151 3881 tan·
1194 3878 1196 3883 ,

170 3919 241 3976 tunr,
260 3915 308 3982 qui
323 3913 422 3979 cripit,
443 3916 653 3981 interrumpitur
665 3916 815 3980 possessia,
835 3911 884 3967 scd
899 3910 1032 3963 adversus
1046 3930 1151 3968 omnen

167 3993 324 4065 Pomponius
341 3996 368 4047 in
386 3997 446 4063 Dig.
462 3997 513 4060 38,
533 3997 583 4057 16,
600 3998 627 4053 ll,
645 3996 688 4059 ln',
709 4016 825 4066 quorsum
838 4013 940 4064 parens
955 3998 1048 4065 capite
1063 4001 1151 4052 minu-

173 4089 213 4133 tus
226 4093 287 4144 est,
307 4080 450 4151 legitimae
464 4081 626 4138 lsercclitatr's
643 4085 685 4135 ius
701 4094 728 4135 et
745 4084 771 4133 in
787 4083 882 4133 ceteris
897 4084 1023 4149 personis
1039 4094 1064 4135 et
1081 4085 1121 4134 int
1131 4105 1151 4133 ,r

171 4182 196 4217 se
210 4172 349 4229 retinent,
371 4167 465 4223 etalii
483 4168 615 4228 adversus
638 4187 694 4221 eos.
736 4167 837 4235 leian.
852 4166 879 4217 in
898 4168 958 4231 lug.
974 4164 1015 4225 49,
1036 4169 1061 4229 1,
1079 4167 1105 4233 3,
1123 4104 1150 4220 l
