2618 4770
181 372 186 387 ,
220 316 284 380 522
670 305 825 389 arou.

303 470 334 530 3.
360 460 399 527 In
414 459 588 546 colloquiis
603 457 714 524 locum
732 458 849 540 habet,
874 460 932 524 ubi
949 459 1031 525 alter
1045 461 1182 525 alterius
1197 485 1259 527 sen·

218 551 357 619 tentiam
382 545 584 617 concedens,
623 567 715 610 suam
744 557 855 610 tamen
879 549 1003 620 etiam,
1033 550 1134 634 atque
1169 550 1259 634 magis

151 649 156 664 '
220 661 293 703 com
323 635 471 700 rolratam
497 632 583 707 vult,
616 632 706 716 quasi
731 633 833 720 ‹licatz¹
871 634 1022 718 quamvis
1045 634 1131 700 illud
1158 656 1259 698 verum

218 726 279 799 sit,
297 661 364 788 lioc
378 731 486 782 tamen
508 727 595 780 certe
612 717 940 802 nnimndvdrtendum
961 731 1022 785 est.
1068 721 1146 800 Qua
1161 719 1260 786 forma

217 832 314 900 saepe
329 806 446 893 incipit
462 802 647 888 responsio.
829 821 830 825 ’

318 928 372 981 Cic.
392 927 425 977 de
447 929 519 976 Oret.
540 921 571 986 1,
590 922 641 990 36,
660 923 719 979 167.
737 944 789 997 ego
808 943 873 981 vero
896 929 982 989 istos,
1005 925 1115 996 inquit,
1136 942 1192 975 non
1213 942 1259 976 mo·

195 1024 198 1029 '
285 1015 453 1070 dooratoris
469 1012 587 1075 nonum,
606 1009 655 1063 sed
672 1007 786 1081 neforo
807 1011 918 1083 quidem
936 1011 1038 1083 dignos
1057 1012 1193 1080 putarim.
1219 1013 1260 1066 At·

285 1103 333 1171 qai
357 1116 411 1165 non
437 1090 532 1165 defuit
555 1093 616 1150 illis
638 1104 783 1165 patronis,
812 1102 902 1172 inquit
935 1099 1067 1164 Crassus,
1096 1096 1260 1166 eloquentia,

284 1201 372 1255 neque
388 1181 499 1236 dicendi
513 1183 586 1234 ratio
603 1193 654 1236 aut
671 1187 770 1252 eopia,
791 1183 840 1236 sed
858 1185 926 1240 iuris
947 1181 1041 1236 ciuilis
1055 1181 1216 1254 prudentia.
1238 1181 1260 1244 2,

283 1269 333 1332 14,
351 1266 393 1320 59.
411 1265 441 1321 id
458 1264 623 1329 mehercule,
649 1269 739 1338 inquit
763 1266 898 1333 Catulus,
927 1267 1089 1343 admirans,
1116 1266 1191 1320 illud
1211 1268 1258 1319 iam

281 1356 378 1408 mirari
395 1352 509 1417 desino,
529 1352 604 1422 quod
622 1352 711 1405 multo
731 1357 820 1424 magis
837 1366 903 1410 ante
925 1351 1063 1416 mirabar,
1084 1351 1167 1418 bunc,
1186 1370 1259 1424 quum

282 1438 351 1492 baec
367 1440 499 1499 nesciret,
522 1441 550 1491 in
570 1437 686 1491 dicendo
708 1457 793 1506 posse
807 1449 923 1493 tantum.
957 1440 1062 1509 Atqui,
1094 1438 1213 1501 Catule,
1227 1442 1260 1492 in·

282 1526 344 1594 quit
363 1523 521 1586 Antonius,
546 1540 602 1574 non
621 1542 672 1593 ego
688 1523 841 1578 utilitatem
857 1524 983 1594 aliquam
997 1513 1204 1576 addicendum
1219 1545 1260 1576 au·
1298 1508 1301 1569 i

189 1600 192 1604 ¹
282 1627 405 1678 cupans,
426 1607 523 1660 borum
542 1606 630 1660 libros
648 1619 675 1662 et
703 1608 857 1663 nonnullos
881 1608 971 1672 alios,
996 1608 1047 1661 sed
1069 1609 1258 1665 delectationis

282 1711 397 1757 caussa,
424 1710 507 1762 quum
525 1705 568 1746 est
585 1695 689 1756 otium,
718 1692 809 1764 legere
832 1693 920 1748 soleo.
952 1695 970 1747 i.
989 1713 1013 1748 e.
1042 1712 1200 1763 quamquam
1217 1713 1258 1762 ego

282 1798 378 1848 graece
404 1779 477 1841 scio,
503 1789 592 1833 tamen
616 1797 670 1831 non
695 1779 756 1851 lego
782 1781 894 1832 istorum
915 1781 1000 1835 libros
1022 1779 1147 1831 utilitatis
1166 1798 1258 1842 caussa,

283 1866 330 1918 sed
351 1864 544 1916 delectationis.

295 1982 351 2049 ill.
394 1981 432 2045 In
448 1996 490 2046 ‘ea
508 1981 673 2048 rhetorica
696 1982 827 2063 forma,
857 2005 957 2071 quam
983 1982 1022 2046 ab
1048 1984 1259 2071 occupatione

214 2071 337 2138 eliense
360 2069 539 2132 sententiae
563 2069 783 2155 appellamus,
814 2068 871 2134 ubi
899 2080 998 2156 utque
1021 2081 1112 2135 recte
1137 2070 1260 2145 dicitur,

211 2158 312 2221 etiam
327 2152 423 2241 atqui
439 2176 536 2219 suum
550 2155 659 2219 locum
679 2155 816 2221 obtinet.
860 2156 945 2220 Nam
962 2177 1044 2240 quac
1062 2156 1102 2219 ab
1121 2156 1193 2221 aliis
1211 2156 1256 2218 di-

211 2255 300 2308 ctum
318 2241 358 2305 iri
381 2262 433 2303 sus
463 2239 565 2320 icatur
589 2241 634 2318 is,
662 2241 719 2327 qui
742 2240 908 2329 loquitur,
931 2252 985 2306 aut
1007 2243 1166 2328 coniungi
1186 2264 1257 2330 pos-

211 2339 288 2395 sunt
313 2262 596 2400 antecellentes,
620 2327 736 2390 antiis
762 2317 901 2413 opponi.
944 2329 1053 2415 Atque
1078 2349 1117 2392 ea
1141 2331 1256 2392 iterum

209 2414 403 2482 rejiciuntur
420 2410 480 2475 alia
497 2411 674 2502 sententia,
696 2433 757 2501 pet·
772 2413 833 2477 sed
848 2413 1010 2479 adiuncta.

313 2532 368 2584 cic.
389 2533 461 2581 Brut.
481 2529 533 2593 83,
549 2529 610 2581 287.
637 2534 718 2603 atqui
739 2552 789 2588 eae
807 2543 892 2588 notae
911 2544 976 2587 sunt
995 2537 1140 2603 optimae,
1162 2533 1257 2588 credo.-

278 2618 329 2672 sed
345 2619 432 2695 nimia
451 2627 577 2670 uetustas
600 2636 649 2671 nec
668 2615 752 2672 babet
769 2638 846 2685 eam,
871 2638 955 2691 quam
972 2623 1147 2690 quaerimus,
1171 2625 1255 2674 suavi·

278 2709 382 2768 tatem,
404 2723 454 2758 aec
470 2713 521 2756 etc.
883 2725 887 2735 ¹

311 2809 366 2860 cic.
385 2808 418 2860 de
440 2808 490 2860 off.
508 2808 543 2871 3,
562 2807 612 2871 11,
634 2807 678 2860 48.
702 2800 845 2880 Cyrsilum
865 2807 1027 2880 quemdam,
1045 2808 1210 2864 suadentem
1228 2819 1256 2863 ut

275 2896 304 2948 in
331 2891 397 2946 urbe
421 2902 562 2946 manerent
587 2894 762 2964 Xerxemque
786 2897 955 2965 reciperent,
988 2892 1134 2964 lapidibus
1163 2915 1256 2966 coope-

274 2988 396 3030 ruerunt.
432 2979 522 3048 Atqui
540 2977 591 3032 ille
606 2978 761 3032 utilitatem
777 2983 855 3050 sequi
872 2976 1037 3033 videbatur:
1058 2979 1109 3031 sed
1129 3000 1163 3034 ea
1180 2979 1255 3033 nulla

275 3076 336 3119 erat
355 3073 528 3139 repugnante
546 3060 701 3117 honestate.
736 3066 776 3113 Ita
792 3064 976 3131 '‘Heusingerns
995 3063 1095 3115 edidit:
1114 3066 1161 3117 alii
1177 3076 1255 3135 atque

276 3148 346 3204 itte:
372 3149 443 3218 quod
461 3149 631 3219 pronominis
644 3149 761 3202 adiuncti
779 3166 870 3201 caussa
888 3149 1051 3219 probabilius
1066 3142 1126 3203 esse
1146 3151 1253 3204 videtur.

276 3235 329 3288 vid.
347 3255 373 3305 p.
392 3233 453 3286 460.

290 3353 346 3419 IV.
390 3359 420 3416 1.
459 3349 498 3414 In
524 3351 777 3416 ratiocinatione
800 3351 925 3438 duplex
955 3363 1003 3416 est
1028 3373 1120 3417 usus.
1166 3357 1255 3436 Quae

205 3451 301 3506 antea
318 3441 351 3502 in
372 3436 562 3501 conditione
582 3440 690 3523 positu
715 3448 826 3514 erant,
853 3437 1063 3503 affirmantur
1086 3461 1164 3505 vere
1190 3463 1254 3507 esse

202 3548 265 3614 per
290 3525 385 3610 atqui
410 3524 471 3599 ita,
494 3531 532 3586 ut
558 3543 640 3606 quae
663 3545 733 3587 non
755 3535 842 3588 certa
866 3525 1076 3603 viderentur,
1100 3548 1190 3592 nunc
1216 3550 1255 3590 ex

202 3633 261 3676 sua
278 3611 378 3675 altera
394 3617 486 3695 parte
509 3628 586 3673 vere
610 3609 656 3675 sic
681 3633 715 3673 se
739 3609 882 3693 habere,
909 3611 1144 3678 concedantur.
1187 3614 1253 3678 Nos

202 3697 347 3762 dicimus·
357 3718 428 3759 uun
444 3691 537 3758 uber.

317 3815 371 3868 Cic.
389 3816 482 3867 Parad.
502 3813 536 3877 3,
555 3813 651 3887 1³2¹·
677 3814 778 3886 quodsi
800 3819 918 3870 virtutes
937 3835 1020 3886 pares
1039 3825 1105 3869 sunt
1127 3821 1200 3887 inter
1218 3834 1252 3880 se,

268 3904 351 3967 paria
368 3918 427 3953 esse
444 3905 531 3952 etiam
553 3901 626 3954 vitia
645 3919 755 3954 necesse
780 3912 831 3956 est.
866 3903 956 3972 Atqui
980 3922 1061 3974 pares
1086 3922 1148 3957 esse
1173 3906 1252 3956 uirtu-

269 3993 328 4048 tes,
348 4011 383 4024 ·-
395 3979 542 4053 facillime
564 3994 660 4056 potest
677 3987 807 4057 perspici.
841 3987 874 4038 de
892 3990 954 4040 Nat.
973 3989 1043 4055 (1.2,
1063 3987 1106 4057 15,
1127 3976 1176 4063 46,
1190 4005 1254 4061 ergo

269 4087 354 4139 quum
374 4069 420 4122 sol
438 4074 535 4142 igneas
556 4075 593 4125 sit
618 4074 767 4140 oceanique
788 4069 882 4123 alatur
900 4071 1075 4140 humoribus,
1095 4102 1130 4115 ·-
1147 4092 1257 4127 necesse

271 4163 330 4218 est,
348 4166 398 4208 aut
415 4158 443 4208 ei
459 4153 561 4222 similis
580 4159 618 4209 sit
636 4156 710 4227 igni,
739 4173 819 4226 quem
834 4155 997 4212 adhibemus
1017 4158 1056 4212 ad
1074 4176 1156 4213 usum
1172 4172 1257 4231 atque

854 4331 870 4364 d
