2618 4770
1019 358 1088 413 xm

34 504 77 574 ss
95 504 234 571 mun
252 490 389 573 atnoe,
410 454 445 558 ἐι
469 486 679 557 cumton
701 486 800 578 'atque
820 492 947 563 ornant
970 499 1090 571 omns.
1234 462 1238 521 -'

37 634 85 702 nis
98 625 256 703 insm‘vlt,
276 620 370 690 sicuti
389 616 752 708 pictores-disponendis
771 612 887 709 liguris
899 612 1020 694 lumine
1032 622 1092 696 nd.

44 761 140 837 dmnt,
166 762 200 821 et
225 760 337 840 portes
365 747 509 838 singulus
532 747 695 815 coloribus
728 747 949 845 distinguunt.¹
987 740 1093 842 Atque'

48 888 121 956 lucc
133 905 205 951 non
222 878 279 947 uni
294 876 432 966 linguae-
443 874 570 941 latinae·
582 873 755 943 ttibnendn
774 887 864 958 sunt,
886 878 945 946 sed
966 880 1094 949 nniverss

48 1036 106 1083 nm
118 1004 284 1078 sermonis
299 1002 430 1071 humani
444 1013 591 1071 naturum
610 1004 783 1073 continent
826 1006 906 1074 Mihi
930 994 1008 1077 uero
1028 1012 1096 1100 pris

48 1164 128 1211 nom
142 1136 190 1204 de
203 1156 266 1202 usn
281 1130 545 1220 letinnelingnne
558 1128 731 1200 dicendum
744 1133 921 1217 videbatur,
939 1146 974 1206 et
985 1160 1097 1226 quam-

49 1290 138 1359 qnnm
151 1260 317 1332 voonbnln
331 1257 374 1327 nd
382 1258 558 1326 litterarum
575 1252 721 1326 ordinem
728 1246 970 1363 dispositc'snnt,
979 1264 1098 1334 nnllam

50 1409 174 1475 nmen,
193 1390 322 1478 donee
337 1386 446 1453 obluta
465 1395 550 1467 eust,
571 1387 665 1453 omisi
686 1388 909 1471 occasionem,
929 1415 994 1480 que
1014 1393 1100 1461 simie

52 1525 85 1593 liu
96 1518 356 1609 coniungerem,
381 1512 509 1579 diversa
523 1508 772 1582 discriminnndo
786 1538 1031 1606 componerem,
1051 1500 1099 1590 atss

18 1708 21 1715 .
56 1674 113 1743 qne
126 1651 175 1718 itu
188 1648 374 1723 efficerem,
397 1649 434 1708 ut
455 1639 612 1730 principia
633 1640 728 1708 huius
751 1641 918 1712 doctrinae
938 1646 1033 1717 locile'
1053 1648 1102 1717 in-

56 1778 170 1858 misi,
193 1772 365 1867 generales
377 1770 509 1860 linguae
523 1768 615 1859 leges
630 1768 770 1859 perspici
783 1780 935 1861 possent,

132 1903 209 1974 Alia
221 1922 290 1980 res,
314 1920 411 1988 quam
424 1895 655 1985 reprehensum
669 1897 709 1963 iri
722 1899 916 1987 praevideo,
938 1900 1021 1969 lineo
1038 1910 1102 1971 est.
1180 1988 1184 1997 Ι

59 2029 318 2125 significationes
333 2036 367 2094 et
384 2024 518 2115 regulas
535 2022 667 2092 nimium
678 2024 711 2091 in
727 2025 859 2094 modum
876 2014 1120 2119 multiplicasse

58 2162 191 2231 uidebor
227 2157 284 2236 iis,
319 2152 374 2242 qni
408 2174 461 2220 res
495 2144 635 2220 numeris
670 2138 858 2244 computare
894 2156 1009 2227 solent.
1061 2148 1105 2226 lt

60 2311 136 2380 ques
152 2286 298 2355 diversas
312 2282 406 2373 posui
422 2280 516 2348 unius
532 2280 680 2348 vocabuli
700 2280 857 2364 rationes,
877 2294 943 2351 non
966 2274 1107 2381 sunt-di-

60 2437 173 2486 vonsnc
194 2411 463 2502 significetiones:
487 2408 601 2497 quibus
625 2406 748 2474 varium
768 2432 862 2476 usnsn
882 2407 1109 2495 demonstravi,

61 2564 125 2613 non
144 2551 222 2610 sunt
242 2539 394 2630 regulae,
414 2536 473 2605 sed
488 2536 737 2604 observationes.
763 2520 925 2624 Equidem
940 2537 983 2606 de
996 2538 1059 2606 hac
1071 2552 1110 2609 re

62 2674 107 2741 ite
120 2670 278 2748 arbitror,
297 2688 404 2754 neque
424 2687 537 2733 eorum
558 2665 742 2756 opinionem
766 2648 947 2755 approbare
968 2690 1112 2757 possum,

64 2800 119 2890 qni
130 2797 245 2866 nescio
264 2792 342 2882 quid
361 2814 480 2860 novum
497 2801 531 2859 et
546 2804 702 2862 consueto
717 2815 810 2863 more
826 2796 939 2863 melius
951 2794 1112 2885 reperisse

66 2925 200 2996 sibinisi
212 2932 303 3003 sunt,
327 2944 425 3009 quum
447 2921 818 3012 varias-significationes
834 2923 876 2991 ed
896 2944 993 2991 unam
1015 2922 1113 2992 redu-

66 3077 145 3124 cere
164 3051 351 3131 studerent,
377 3049 476 3117 veluti
488 3050 515 3115 si
529 3049 599 3138 quis
614 3048 746 3131 dixerit,
766 3026 886 3118 utnon
897 3050 1018 3121 hebere
1033 3042 1113 3119 duas

68 3193 125 3252 snt
145 3183 255 3273 plures
273 3178 542 3269 significationes,
562 3176 622 3244 sed
648 3202 760 3260 unam,
782 3202 866 3267 quae
887 3176 928 3247 sit
952 3162 1116 3269 quomodo.

70 3314 146 3389 Quo
167 3330 283 3400 pamm
297 3315 354 3374 nut
369 3305 447 3373 nihil
459 3304 606 3373 efficitur.
648 3305 849 3397 significatio
866 3280 1117 3396 uniuscuiusque

73 3435 221 3506 vocabuli
235 3430 363 3525 semper
374 3456 439 3501 nnn
453 3442 511 3512 cst,
527 3442 624 3522 utque
638 3433 717 3501 illud
728 3438 767 3502 nt
780 3434 858 3503 nihil
883 3434 970 3502 aliud
994 3434 1118 3525 signifi·
1162 3415 1165 3425 ¹

75 3575 130 3634 ost
145 3586 242 3654 quom
259 3566 306 3630 sd.
347 3561 444 3664 Atqui
465 3561 499 3627 in
519 3562 749 3631 vdcsbulorum
768 3562 954 3654 cognitione
969 3561 1119 3629 duceres

73 3690 273 3763 considerari
286 3688 425 3770 debent,
446 3698 481 3756 et
502 3688 680 3776 quomodo
704 3713 745 3759 ex
766 3712 830 3758 une
850 3700 884 3760 et
903 3688 1061 3780 primitive
1077 3688 1120 3756 si-

74 3820 286 3914 gnificatione
300 3817 407 3885 varius
425 3838 503 3885 usus
518 3816 691 3907 prodierit,
712 3795 799 3908 qnod
819 3816 858 3885 fit
873 3817 1055 3886 notionibus
1070 3816 1122 3885 vel

75 3947 279 4018 commutetis
293 3947 344 4014 vel
358 3944 471 4041 edulio
486 3948 585 4015 uerba
595 3945 854 4027 accommodetis,
871 3955 904 4014 et
923 3942 1037 4033 quibus
1047 3966 1122 4012 ver-

74 4076 126 4146 bis
141 4076 257 4148 endem
269 4075 426 4146 sententis
439 4075 474 4144 in
487 4074 556 4145 allis
569 4074 688 4167 linguis
704 4073 910 4167 exprimatur,
925 4083 980 4145 aut
996 4094 1060 4162 que
1074 4072 1123 4141 di·
