2618 4770
141 168 166 221 Χ

141 332 225 378 esse·
262 309 303 378 In
322 306 464 376 dictione
485 303 570 372 euim
597 322 663 372 nou
684 302 793 372 omnia
812 308 998 399 cogitantur
1018 314 1189 385 notionum
1220 394 1222 399 ,

137 439 279 516 ratione,
300 436 359 504 sed
377 456 496 523 magna
509 452 584 521 pars
595 432 639 499 ad
661 456 791 502 sensum
811 445 845 503 et
862 437 905 503 ad
928 428 1000 506 edm
1019 441 1114 507 animi
1136 443 1187 510 fa-

139 567 289 635 cultatem
311 565 466 654 pertinet,
487 582 585 650 quom
607 584 666 628 nos
689 584 774 629 nuuc
796 564 838 630 ab
860 563 1053 655 imaginibus
1074 572 1187 660 appel-

137 695 205 761 lare
227 695 375 761 solemus.
422 691 582 758 Errarunt
601 699 709 757 autem
727 689 789 757 viri
809 690 897 759 docti
923 694 1130 764 vehementer
1151 697 1184 765 iu

139 845 197 902 eo,
220 817 308 907 qnod
324 819 488 906 nequead
502 818 563 885 uim
585 818 815 907 respiciebant,
838 841 921 905 quae
937 844 978 888 ex
995 822 1067 911 ipsa
1083 847 1184 893 enna-

135 948 301 1016 tiationum
313 946 417 1013 forma
430 957 464 1013 et
477 968 573 1013 seusu
585 945 619 1011 in
632 945 804 1033 particulas
818 946 995 1029 redundat,
1013 973 1120 1038 neque
1132 975 1184 1035 eu,¹

134 1096 218 1163 quae
248 1084 370 1142 tantum
399 1071 617 1164 perspicuitati
641 1081 676 1138 et
696 1070 903 1140 declarationi
930 1075 1121 1159 inserviunt,
1139 1081 1182 1147 ab

133 1203 172 1270 iis
194 1212 346 1271 accurate
371 1200 611 1280 discernebant,
642 1222 728 1287 qaae
755 1202 940 1271 notionibus
959 1205 1181 1299 continentur.

133 1334 244 1409 Quare
270 1330 305 1398 iu
334 1331 398 1398 boo
424 1326 530 1396 studio
560 1348 626 1392 uon
650 1327 803 1396 sufficere
828 1330 907 1397 mibi
933 1330 1061 1399 videtur
1081 1335 1182 1403 molta

131 1458 246 1527 lectio:
270 1482 352 1548 opus
368 1466 417 1524 est
432 1465 528 1523 cauto
551 1464 586 1522 et
604 1455 697 1522 firmo
717 1455 963 1546 iudicio,-.qnod
981 1468 1128 1550 tempora
1147 1472 1182 1530 et

132 1587 289 1655 rodonuo
303 1583 543 1652 consuetudinis
554 1585 743 1664 constituat,
767 1593 802 1652 ct
818 1585 854 1653 in
871 1586 1010 1654 natinam
1024 1589 1180 1677 adusque

132 1714 307 1804 particrdae
321 1711 462 1779 indolem
475 1712 628 1799 inquirat,
642 1724 676 1780 et
689 1712 845 1781 subtiliter
862 1725 1051 1804 cognoscat,
1065 1739 1180 1804 quem-

131 1865 206 1909 nam
226 1864 353 1909 sensum
375 1836 532 1929 particula
560 1840 676 1906 afferat
703 1842 897 1922 scutenu'ae‚
923 1866 1047 1931 quaeve
1067 1843 1115 1911 via
1136 1868 1180 1913 ex·

130 1971 202 2060 ipsa
219 1967 392 2036 ¹sententia
422 1988 532 2035 rursus
570 1967 605 2034 in
644 1968 833 2057 particulam
857 1980 1019 2038 trauseat
1077 1973 1178 2050 Quod

63 2128 75 2145 1
129 2097 297 2185 negotium
327 2118 424 2184 quam
450 2094 597 2162 difficile·
618 2104 718 2176 esset,
755 2118 850 2164 nemo
875 2121 930 2165 me
959 2100 1064 2190 magis
1100 2124 1176 2190 per-

129 2226 249 2318 spexit:
291 2248 388 2313 quam
416 2224 595 2290 molestiam
631 2246 742 2291 secum
777 2225 906 2308 ferret,¹
921 2250 1019 2318 saepe
1050 2252 1176 2318 magno

129 2352 370 2422 laboristaedio
389 2351 490 2419 sensi:
509 2350 725 2421 sedconatus
748 2356 820 2421 anm
838 2356 963 2437 tam'en,
987 2365 1084 2444 atque
1103 2367 1175 2425 tan·

129 2492 195 2551 tam
218 2502 352 2570 operam
372 2479 570 2569 consumpsi,
600 2489 637 2548 ut
653 2489 707 2559 tu,
730 2467 954 2549 humanissime
975 2485 1176 2568 Hermenue,

128 2608 252 2678 etiamsi
266 2630 330 2674 non
344 2607 515 2675 subtilitate
535 2605 644 2674 iudicii
661 2616 718 2674 aut
730 2606 910 2676 eruditione
929 2609 987 2675 tibi
1008 2609 1175 2680 satisfece-

127 2730 205 2818 rim,
234 2735 371 2801 fomsse
392 2733 608 2803 assiduitatem
632 2745 667 2802 et
685 2736 894 2803 mnatautiam
917 2736 1031 2803 saltem
1053 2761 1173 2828 appro-

125 2866 195 2933 bes.
237 2862 354 2951 Neque
369 2884 447 2930 vero
469 2884 661 2951 quemquam
679 2860 778 2928 bodie
802 2884 876 2931 esse
900 2874 997 2953 puto,
1022 2867 1078 2954 qui
1096 2867 1172 2934 buic

125 2991 247 3082 ingenii
264 2989 484 3058 exercitationi
504 2999 561 3057 aut
582 2988 748 3056 utilitatem
769 3000 826 3058 aut
845 2990 1035 3082 dignitatem
1056 2993 1172 3061 deesse

127 3120 303 3199 existimet,
325 3138 432 3204 neque
444 3138 517 3183 cum
532 3115 571 3182 iis
583 3117 756 3205 pugnabo,
776 3118 831 3206 qui
846 3142 975 3188 omnem
992 3144 1084 3188 usum
1096 3143 1173 3209 part

125 3249 309 3326 ticularum,
338 3264 418 3332 quas
440 3241 593 3309 orationis
614 3254 721 3333 partes
751 3268 817 3312 nou
842 3248 1039 3317 necessarias
1060 3247 1171 3336 appel·

125 3376 207 3456 lant,
231 3396 297 3440 uon
309 3382 399 3439 certa
409 3371 534 3438 ratione
553 3371 646 3460 regi,
668 3371 727 3440 scd
745 3373 877 3442 fortuito
891 3378 1083 3465 scriptorium
1096 3377 1172 3442 lusu

112 3513 159 3583 ¹et
197 3499 361 3568 ornandae
394 3498 550 3567 orationis
581 3522 700 3589 caussa
737 3499 931 3567 conformari
964 3500 1171 3571 contendant.

122 3630 297 3775 Praeclqra
312 3626 396 3693 euim
419 3636 452 3694 et
472 3625 638 3695 verissima
654 3634 728 3691 aaut
740 3626 913 3693 'l'nrsalliui
925 3630 1025 3695 verba
1038 3629 1080 3695 de
1095 3652 1170 3719 par-

122 3759 226 3828 ttcnbs
245 3774 295 3823 'ru
329 3753 536 3822 Praefatione
560 3751 752 3842 praemissa,
791 3776 873 3840 quac
910 3754 964 3823 hic
991 3781 1168 3848 apponam:

17 3906 22 3927 ¹
121 3872 241 3978 „parva
269 3881 399 3972 quidem
414 3874 479 3947 'res
503 3879 536 3944 iu
556 3877 699 3968 speciem
727 3888 761 3949 ct
783 3879 891 3966 culn,
921 3884 980 3954 sed
1007 3884 1050 3955 ad
1075 3906 1169 3955 usum
