2618 4770
202 297 279 397 ‘sao
651 317 820 390 aurun

219 499 353 548 vasum
368 496 513 543 sensum.
555 475 595 541 ln
610 473 669 540 illo
684 473 871 560 cogitamus
889 470 1057 538 nihil‘aut
1079 472 1168 541 nihil
1191 477 1267 544 aliud

219 588 307 651 esse,
327 566 364 632 in
380 562 447 628 huc
463 561 652 648 quaerimus
668 559 709 625 de
724 569 815 624 certo
830 579 961 644 genere.
1001 572 1004 578 ’

322 685 378 738 cie
402 679 436 735 de
455 683 514 753 Dis.
540 681 574 751 2,
601 681 653 746 52,
678 678 738 734 127.
763 677 831 752 quid
855 678 982 734 inscitius
1005 689 1101 733 autem
1128 693 1174 736 est
1197 704 1269 756 quam

288 779 396 826 mentes
413 765 576 821 mortalitem
587 763 682 838 falsis
701 776 729 819 et
743 760 923 817 natationibus
938 766 1010 818 visis
1024 769 1191 822 concitare?
1206 774 1269 826 coni.

288 858 419 910 Goereua.
439 853 473 905 ud
494 853 550 905 Cic.
569 853 604 905 de
620 853 680 905 Fin.
702 870 729 921 p.
747 848 807 902 178.
830 867 858 918 p.
878 849 982 900 claena
1005 847 1140 914 60,167.
1159 873 1207 907 cur
1221 873 1270 909 noa

238 972 244 979 ·
287 937 324 994 de
349 943 457 1010 integro
481 949 575 992 autem
600 937 722 991 datum?
751 937 859 988 Terent.
879 934 945 986 Eun.
962 930 996 999 5,
1013 935 1049 999 2,
1069 934 1115 990 10.
1132 938 1201 1008 qaid
1217 960 1270 994 mea

288 1024 408 1080 autem?
427 1022 482 1076 uia.
496 1023 613 1094 Philipp.
632 1022 666 1088 δ’,
684 1023 735 1086 10,
750 1019 795 1074 29.
812 1018 887 1090 quod
909 1029 1004 1072 autem
1030 1029 1075 1074 est
1099 1022 1270 1090 periculum?

288 1109 394 1164 tuscul.
417 1105 453 1171 4,
477 1106 530 1174 86,
556 1107 599 1160 78.
619 1104 688 1180 quid
713 1115 757 1161 est
780 1114 876 1159 autom
892 1121 922 1158 se
939 1107 1033 1175 ipsum
1049 1103 1206 1176 colligere,
1224 1112 1271 1163 uisi

178 1184 208 1263 ¹„
289 1191 362 1246 etc?
385 1192 534 1261 pcloent.
554 1190 821 1261 ⁵2,1te.0utego
839 1188 1085 1244 autemmarravi?
1116 1193 1152 1242 In
1169 1203 1269 1264 utroque

286 1277 374 1351 priori
393 1277 521 1330 vocabulo
542 1276 586 1330 cai
602 1295 657 1350 sgo-
671 1276 742 1327 iuest
758 1272 875 1344 aequalis
893 1272 943 1327 vis·

319 1363 363 1415 Ne
380 1361 439 1432 quis
455 1360 598 1428 existimet,
613 1381 656 1415 me
671 1360 900 1430 grammaticorum
916 1357 1050 1410 mirabilia
1065 1359 1185 1413 decreta·
1200 1362 1269 1430 igna-

289 1465 378 1513 russe,
407 1447 565 1501 Doclekium
593 1462 786 1508 commemoro,
813 1444 859 1514 qui
886 1443 915 1496 ia
943 1445 1061 1499 Grumm.
1079 1462 1111 1514 p.
1133 1443 1193 1498 134.
1213 1447 1268 1501 haec

288 1532 396 1586 docuit:
421 1543 515 1587 autem
533 1549 587 1599 nou
606 1530 757 1604 siguificare
774 1525 842 1584 ader
858 1530 893 1581 ob
909 1529 1012 1595 locum,
1031 1547 1113 1598 quern
1129 1542 1194 1600 post
1208 1532 1268 1584 aliud

290 1619 445 1671 vocabulum
470 1618 620 1684 obtineret,
648 1634 750 1686 neque,
777 1614 800 1666 si
829 1615 962 1668 sententie
988 1632 1042 1667 uno
1066 1624 1176 1668 tentum
1199 1619 1267 1670 verbo

288 1713 440 1767 constaret,
467 1701 525 1754 fieri
546 1720 638 1773 posse,
663 1711 694 1754 ut
719 1710 838 1754 extremo
866 1699 927 1753 loce
953 1708 1119 1770 poneretur:
1147 1703 1267 1773 igiturque

288 1788 343 1841 dici
361 1806 415 1841 non
431 1804 510 1856 posse
527 1786 647 1842 stultum
667 1785 831 1852 consilium,
855 1784 1100 1841 elementarium·
1135 1787 1212 1841 Talia
1227 1807 1266 1841 re-

289 1873 380 1926 futare
397 1872 479 1942 piget.
812 1857 825 1876 Ὗ
1230 1882 1235 1893 “

188 2019 193 2028 -
302 1970 346 2038 ΙΙ.
368 1974 491 2054 Restat,
507 1984 544 2037 ut
562 1973 603 2038 de
617 1973 777 2062 particula
793 1985 910 2038 autem
924 1993 999 2037 cum
1014 1971 1088 2037 aliis
1107 1975 1263 2040 vocabulis

219 2079 370 2124 connexa
390 2060 602 2146 explicemus.
645 2059 729 2123 Sunt
746 2081 835 2124 emm
851 2058 1030 2135 nounuiia'
1044 2062 1141 2144 'qae
1158 2054 1204 2126 issi
1219 2072 1265 2125 aut

218 2138 423 2232 respondent
439 2166 481 2210 ex
496 2143 632 2209 adverso
648 2145 775 2232 positu,
797 2155 852 2208 aut
867 2145 1024 2232 proxime
1046 2144 1164 2210 iuncta
1187 2157 1262 2210 sunt.

306 2236 335 2294 1.
367 2232 482 2311 Quum
496 2229 657 2318 particula
675 2230 744 2295 vim
765 2229 883 2294 habeat
900 2229 1129 2317 distinguendi
1150 2241 1182 2295 et
1195 2255 1264 2318 par-

218 2325 267 2379 tes
290 2315 499 2414 designandi,
553 2317 665 2379 unitur
691 2316 879 2401 praemissis
912 2314 1083 2379 vocabulis
1105 2318 1264 2402 primum,

212 2400 409 2487 principm,
430 2422 493 2487 pro
536 2399 636 2464 einde
656 2401 708 2464 vel
724 2402 789 2466 alio
807 2399 966 2466 vocabulo
985 2400 1145 2466 ordinem
1160 2424 1265 2468 rerum

218 2483 432 2571 significante.
477 2484 575 2549 Cous.
593 2486 748 2574 Heusing.
776 2486 816 2550 ad
842 2487 911 2550 Cic.
936 2486 976 2549 do
995 2484 1062 2549 Off,
1091 2493 1131 2568 1,
1156 2492 1216 2569 28,
1237 2494 1264 2558 9.

179 2584 192 2611 '·
219 2571 274 2632 Sic
292 2570 408 2634 Graeci
422 2575 542 2653 πρῶτον
558 2571 611 2652 μὲν
623 2609 667 2620 -
683 2573 723 2636 δέ.
761 2571 980 2657 Xenophont.
998 2571 1106 2635 Mem·
1123 2577 1155 2652 2,
1174 2579 1203 2654 1,
1220 2577 1265 2638 10.

217 2652 263 2719 Et
277 2664 386 2740 potest
407 2656 441 2717 in
460 2669 607 2722 extrema
627 2660 805 2723 sententiae
826 2668 921 2743 parte
944 2657 1145 2721 adscendere
1166 2659 1264 2722 oratio

218 2737 331 2804 addito
348 2741 508 2806 vocabulo
530 2743 765 2830 praestantiae,
790 2744 843 2807 cui
865 2754 981 2807 autem
1003 2741 1162 2809 adhaeret
1172 2770 1187 2809 :-
1207 2751 1264 2810 siu-

218 2826 267 2892 uii
285 2826 435 2892 maxime
453 2839 578 2903 cratem.
805 2860 807 2864 ,

318 2929 403 2980 Plaut.
422 2928 513 2981 Pseud.
536 2927 570 2994 4,
598 2929 632 2995 3,
656 2930 683 2981 9.
707 2934 827 3001 primum
847 2932 969 2984 omnium
992 2929 1050 2982 iam
1068 2927 1144 2984 hunc
1162 2949 1265 3003 compa·

284 3031 341 3064 rom
360 3023 451 3066 metuo
475 3033 582 3076 meum,
602 3035 636 3068 ne
653 3015 762 3070 deserat
783 3035 825 3068 me
850 3025 935 3087 atque
959 3012 999 3065 ad
1019 3013 1112 3069 hortis
1136 3026 1265 3072 trauseat.

284 3096 393 3150 Metuo
412 3109 522 3163 autem,
540 3120 574 3152 ne
588 3098 667 3152 herus
684 3099 790 3153 redcat.
826 3099 881 3149 Cic.
902 3099 934 3150 de
955 3098 1007 3149 Off.
1027 3099 1061 3163 1,
1080 3098 1133 3165 14,
1153 3100 1198 3152 44.
1215 3103 1264 3171 pri·

216 3214 219 3218 ·
284 3199 360 3233 mum
375 3184 404 3236 in
421 3202 453 3237 eo
465 3194 639 3254 'peccant-.
656 3186 732 3239 Inest
746 3195 840 3237 autem
857 3187 885 3237 in
896 3182 950 3236 tati
968 3182 1143 3239 liberalitate
1164 3185 1265 3257 cupidi·

285 3277 331 3333 tus
350 3265 511 3338 plerumque
528 3267 668 3339 rapiendi.
686 3270 731 3322 nbi
750 3268 898 3322 videMich.
916 3269 1073 3337 Heusinger.
1093 3280 1122 3322 et
1139 3272 1265 3323 Beierum.

283 3351 318 3404 de
335 3351 394 3406 Fiu.
412 3350 445 3413 1,
468 3353 500 3418 6,
513 3353 564 3408 ·17.
588 3355 726 3424 principio
749 3357 861 3426 iuquam
878 3356 908 3409 in
926 3351 1054 3426 physicis
1071 3364 1125 3406 etc.
1163 3354 1266 3426 Epicu·

215 3468 219 3475 ·
284 3454 331 3490 ras
348 3447 441 3490 autem
457 3448 507 3488 etc.
549 3439 603 3491 vid.
624 3441 752 3492 Goerena.
772 3457 799 3507 p.
814 3439 858 3491 21.
893 3443 967 3489 Orat.
986 3437 1038 3502 61,
1056 3436 1121 3490 205.
1156 3441 1191 3492 de
1209 3444 1267 3493 Nat.

284 3523 311 3574 d·
336 3521 370 3588 2,
388 3522 439 3583 22,
458 3520 500 3573 58.
525 3527 645 3592 primum
671 3536 703 3577 ut
731 3523 849 3577 mundus
873 3543 957 3593 quam
980 3524 1144 3593 aptissimus
1171 3527 1211 3578 sit
1232 3525 1268 3579 ad

210 3614 214 3618 '
283 3606 516 3674 permanendum,
539 3607 639 3661 deinde
657 3621 688 3661 ut
707 3608 790 3662 uuila
810 3630 839 3663 re
857 3619 954 3681 egeat,
982 3609 1106 3663 maxime
1124 3621 1222 3665 autem
1239 3621 1268 3663 ut

284 3692 314 3744 in
331 3709 364 3744 eo
382 3691 485 3746 eximia
501 3692 680 3764 pulchritudo
698 3698 745 3750 sic.

106 3800 107 3803 ’
211 3804 217 3853 ’.
297 3796 329 3857 2.
357 3791 482 3859 Omnes
496 3795 694 3883 scriptores,
710 3798 906 3884 praesertim
922 3794 1133 3873 recentiores,
1151 3809 1272 3867 aretem.

200 3873 370 3941 dixerunt
384 3883 565 3967 praemisso
581 3883 616 3946 in
633 3882 735 3948 altera
776 3894 843 3948 arte
858 3882 1011 3968 quidem.-
1036 3890 1073 3945 ut
1087 3891 1154 3944 nos
1175 3907 1268 3948 zwur

212 3995 257 4013 -··
271 3961 363 4028 ader.
403 3962 506 4052 quue
526 3967 725 4055 plerumque
750 3906 804 4048 dt,
829 3968 886 4032 ubi
909 3989 993 4032 uuus
1012 3965 1152 4050 aliquis,
1178 3971 1268 4033 cuius

134 4064 137 4077 ·
213 4049 331 4114 resuel
347 4051 523 4133 sententia,
546 4075 630 4139 quae
673 4055 762 4119 otior
785 4063 839 4117 out
860 4055 968 4118 maior
982 4051 1123 4127 videtur,
1153 4055 1268 4121 ceteris

214 4133 410 4222 opponitur.
454 4135 504 4202 De
520 4161 563 4204 cc
579 4140 638 4228 qui
659 4163 715 4208 em
730 4174 775 4192 -
789 4149 906 4208 autem
920 4137 993 4208 vide
1009 4159 1045 4226 p.
1061 4138 1141 4203 502.
