2618 4770
153 41 720 240 Wmfflm
729 19 1204 224 &fimum
1054 6 1277 185 113.ψ

447 368 612 452 11313.
657 368 724 434 11.
754 386 758 391 <
904 341 940 360 ”
1022 372 1109 447 ,us
1128 428 1168 470 ;.

128 533 268 603 sperarit,
287 514 404 585 dicendo
425 527 502 600 quod
518 526 615 589 volet,
639 524 773 596 perficere
794 543 850 581 non
868 530 983 596 poterit.
1017 523 1111 599 Atque

127 627 205 670 totus
222 615 267 670 hic
286 615 364 668 locris
381 610 612 684 philosophorum
636 613 767 680 proprius
791 614 910 666 videtur.
944 617 983 664 Ita
1005 613 1111 664 codices

127 701 242 765 habent,
270 717 323 753 nou
342 702 431 771 atqui.
465 696 568 766 siquis
594 697 789 747 conclusionem
814 696 949 750 absolvere
974 699 1055 762 velit,
1079 717 1117 761 33,

126 789 193 839 haec
212 788 277 838 crit:
305 797 382 854 atquc
410 795 481 835 totus
504 782 549 834 hic
573 781 647 833 locus
671 782 889 851 philosophorum
909 784 1033 853 proprius
1053 790 1108 834 est:
1163 822 1166 827 .

126 872 209 939 igitur
235 882 368 922 oratorem
393 877 501 937 oportet
524 884 683 934 cognoscere
708 868 912 936 philosophiam.
946 873 975 920 In
998 869 1030 920 de
1048 869 1118 927 11111.Ι

126 956 160 1020 8,
178 957 229 1020 18,
248 955 290 1007 59.
308 957 375 1007 bene
393 952 512 1006 restituit
530 951 707 1002 Goerenzius.:
732 963 815 1024 atque
829 956 1005 1022 perspicuum
1023 957 1110 1007 etiam

128 1040 204 1095 illud
221 1051 273 1093 est.
287 1051 374 1090 tamen
386 1038 414 1089 id
429 1056 483 1088 non
501 1046 608 1105 poterat
625 1036 751 1104 explicari
770 1048 798 1090 et
815 1055 890 1090 sane.
919 1039 973 1088 cie.
988 1057 1014 1106 p.
1031 1037 1110 1102 tiroli.

126 1144 155 1194 p.
174 1123 208 1186 7,
228 1123 269 1175 15.
285 1124 402 1175 refutare
419 1123 476 1174 vult
495 1139 557 1185 eos,
578 1121 623 1188 qui
641 1140 752 1172 summos
769 1123 840 1175 viros
872 1122 993 1174 doctrina
1017 1123 1108 1172 erudi-

112 1218 171 1274 ¹tos
190 1211 271 1261 fuisse
289 1217 433 1274 negarent,
450 1208 501 1258 hac
519 1207 624 1274 quidem
645 1207 829 1260 conclusione:
856 1227 907 1280 ego
935 1207 1038 1261 incultos
1061 1206 1110 1260 lro·

128 1298 216 1348 mines
234 1291 381 1347 excellenti
399 1295 493 1344 animo
518 1312 551 1344 ao
574 1296 679 1346 virtute
700 1288 809 1360 juisse,
836 1304 864 1346 et
892 1297 952 1348 sine
971 1292 1110 1352 doctrina,

128 1391 247 1432 naturae
275 1380 365 1445 ipsius
384 1374 482 1449 habitu
506 1394 597 1446 prope
623 1375 735 1440 divino,
759 1395 809 1446 per
829 1396 859 1428 se
877 1379 954 1448 ipsos
972 1389 999 1431 31
1017 1376 1110 1429 mode·

127 1454 207 1517 ratos
228 1473 254 1514 et
273 1479 373 1531 graves
391 1463 534 1514 exstitisse
550 1459 656 1530 fateor.
669 1487 673 1490 ·
688 1460 787 1514 Etiam
808 1460 882 1516 illud
899 1463 1032 1535 adiungo,
1051 1481 1111 1529 sae·

127 1551 192 1622 pius
213 1546 250 1599 ad
270 1544 382 1597 landem
400 1556 484 1615 atque
503 1549 637 1599 virtutem
652 1558 781 1600 naturam
796 1545 855 1601 sine
873 1547 1009 1610 doctrina,
1028 1567 1111 1621 quam

128 1639 188 1688 sine
205 1643 305 1684 natura
322 1628 445 1684 valuisse
462 1629 644 1684 doctrinam.
670 1631 763 1704 Atque
787 1632 860 1686 idem
873 1652 937 1704 ego
963 1633 1111 1697 contendo,

130 1737 214 1791 quum
232 1715 271 1768 ad
289 1727 418 1765 naturam
444 1702 589 1768 eximiam
604 1726 689 1787 atque
706 1716 845 1772 illustrem
870 1721 1015 1772 accesserit
1035 1722 1111 1772 ratio

131 1802 268 1877 quaedam
287 1795 533 1868 conformatioque
552 1798 712 1864 doctrinae,
741 1813 798 1855 tum
823 1800 897 1854 illud
922 1807 1015 1856 nescio
1045 1801 1111 1874 quicl

129 1885 305 1960 praeclarum
325 1903 358 1936 ao
377 1879 519 1955 singulare
541 1883 632 1938 solere
654 1889 795 1941 exsistere.
829 1887 976 1939 Schellcrus
997 1904 1054 1938 cum
1071 1888 1112 1937 11-

131 1973 210 2041 genio
229 1981 256 2022 et
272 1970 406 2022 Ochsnero
429 1966 524 2037 Eclog«
547 1989 574 2040 p.
599 1969 658 2023 109.
684 1976 764 2043 atqui
786 1974 961 2024 necessarium
984 1972 1113 2041 putabant

131 2059 165 2109 ob
186 2056 336 2106 distinctam
354 2049 564 2124 oppositionem:
591 2067 664 2108 recte
690 2057 810 2125 quidem,
835 2057 858 2108 si
883 2059 976 2109 Cicero
994 2056 1111 2108 11311111-
1168 2081 1174 2092 ·
1262 2078 1265 2093 ¹

131 2144 212 2194 risset
229 2140 303 2194 idem
321 2157 393 2211 ego:
413 2137 505 2208 quibus
530 2137 574 2190 hic
599 2158 691 2191 sensns
716 2143 898 2193 constituitur:
926 2154 956 2193 nt
980 2142 1027 2192 illa
1050 2158 1112 2192 vcra
1148 2187 1150 2191 .

130 2222 762 2297 3333131331,113113333311333311133113.
798 2229 884 2290 Quare
905 2242 958 2279 non
977 2227 1111 2296 oppositio
1161 2234 1164 2239 “

126 2326 214 2366 terum
234 2323 289 2374 est,
312 2328 389 2378 quam
407 2309 454 2361 ille
473 2309 584 2370 maxime
598 2321 715 2380 spectet,
747 2313 794 2365 sed
811 2302 946 2383 utriusque
965 2313 1111 2364 sententiae
1211 2376 1213 2380 y

127 2415 209 2466 aequa
231 2394 391 2448 conciliatio.
425 2394 525 2446 Eodem
538 2395 616 2446 modo
639 2396 672 2449 de
690 2397 741 2448 off.
761 2396 794 2462 1,
814 2395 864 2463 40,
884 2396 943 2450 144.
963 2408 1047 2469 atque
1059 2395 1112 2449 lroc
1132 2388 1134 2392 ⁸

130 2481 204 2537 idem
225 2479 389 2551 Sophocles.
415 2481 460 2531 ubi
486 2481 644 2548 Heusingeri
671 2483 850 2551 probaverunt
873 2483 961 2556 atqui.
1004 2471 1111 2533 Beicrus

128 2569 195 2620 male
224 2575 358 2637 comparat
380 2573 420 2616 at'.
455 2565 540 2617 Aliter
566 2567 594 2616 in
618 2568 695 2619 Tusc.
720 2567 1124 2645 3,·7,11.φ.1.ιιιεειη311Υ
1188 2570 1198 2617 Γ

124 2651 245 2725 fidens,
266 2657 289 2705 is
306 2647 438 2723 profecto
462 2667 518 2704 non
536 2654 712 2706 extimescitr
730 2652 871 2724 discrepat
889 2655 962 2706 enim
981 2672 998 2704 a
1017 2655 1113 2705 timen-

130 2739 168 2791 do
187 2733 340 2806 confidere·
374 2737 464 2808 Atqui
489 2727 518 2792 i'n
544 2756 623 2809 quem
648 2726 725 2790 cadit
749 2737 911 2807 aegritudo,
938 2741 967 2790 in
986 2736 1112 2790 eumdem

130 2825 223 2876 timor.
257 2825 298 2872 113
316 2821 385 2872 enim
403 2821 492 2873 Daris.
512 2840 527 2872 e
543 2808 623 2874 codd.
645 2823 738 2874 edidit.
752 2809 756 2900 ’γ
773 2826 846 2876 Brut.
866 2823 910 2886 80,
925 2821 987 2874 278.
1007 2826 1047 2876 sic
1060 2838 1112 2874 nos

123 2909 230 2965 ,sunrmi
247 2911 369 2961 oratoris
388 2904 434 2960 vel
462 2907 584 2960 sanitate
604 2905 650 2960 vel
669 2908 741 2960 uitio
761 2926 814 2979 pro
833 2917 995 2978 argumento
1014 2905 1053 2959 ad
1071 2904 1113 2962 di·

131 2991 263 3063 luendum
291 2996 392 3046 crimen
418 2992 461 3045 usi
485 3011 587 3045 sumus.
638 2993 708 3047 Tum
737 2993 854 3053 Brutus,
884 2995 976 3064 Atque
1001 2991 1114 3047 dubita·

129 3096 204 3139 nius,
227 3081 333 3147 inquit,
359 3092 449 3130 utrum
467 3081 524 3132 ista
544 3073 775 3147 sanitas‘fuerit,
802 3096 839 3130 an
856 3082 964 3133 uitium.
1000 3078 1051 3129 Alii
1071 3088 1114 3129 at·

131 3167 178 3234 qui
187 3201 195 3228 ,
217 3163 287 3230 quod
305 3173 375 3214 esset
392 3174 497 3216 contra.
533 3165 627 3234 Atque
647 3160 794 3231 significat,
820 3182 885 3232 quae
903 3182 981 3232 quum
999 3165 1037 3214 ita
1051 3164 1113 3214 sint.

129 3252 198 3300 Bene
216 3248 333 3300 restituit
349 3238 493 3299 Frotsoher
512 3247 541 3298 in
559 3248 766 3312 Quinctil.1nst.
785 3249 834 3312 10,
856 3249 890 3316 8,
909 3251 952 3303 22.
973 3260 1058 3321 atque
1080 3247 1113 3302 li·

129 3331 223 3386 herum
244 3330 358 3385 arbitris
379 3335 472 3385 locum
490 3343 541 3384 etc.
1128 3339 1130 3342 ’

165 3439 205 3486 Ex
226 3437 268 3486 his
284 3446 373 3504 patet,
392 3455 444 3505 quo
462 3437 519 3487 iure
543 3436 589 3486 alii
609 3453 662 3486 non
681 3438 758 3506 pauci
780 3438 902 3491 arbitrati
928 3437 1044 3498 luerint,
1070 3445 1113 3487 at·

130 3539 182 3591 que
206 3538 256 3589 pro
282 3525 363 3596 atqui
387 3522 460 3591 poni.
492 3521 545 3573 vid.
570 3523 717 3591 Wopkens.
743 3525 816 3576 Lect.
834 3524 904 3576 Tull.
929 3543 955 3591 p.
980 3521 1039 3571 150.
1067 3520 1112 3588 qui

128 3604 212 3673 ipsam
236 3624 291 3658 rem
316 3624 370 3658 non
395 3606 459 3656 satis
483 3606 616 3676 expediit,
642 3608 734 3659 melius
760 3619 848 3660 tamen
871 3612 932 3659 Bav.
960 3604 1125 3680 Voordain.

129 3691 203 3742 Lect.
222 3691 292 3742 Tull.
310 3711 333 3744 c.
352 3691 377 3743 8.
410 3691 557 3744 Schellerns
574 3692 670 3761 ubique
689 3693 880 3746 restituendum
898 3690 1008 3759 putabat
1025 3692 1112 3760 atqui.
1128 3679 1131 3685 ¹

69 3808 70 3813 =
129 3776 182 3826 vid.
205 3776 366 3844 Rupert.ad
384 3776 429 3828 sil.
448 3776 557 3841 11312,
576 3774 636 3830 134.
670 3778 711 3832 cf.
734 3798 800 3848 quae
819 3795 867 3829 nos
891 3776 924 3826 de
945 3792 1003 3828 voc.
1021 3792 1113 3836 eerr.

129 3861 246 3911 Librarii
264 3861 362 3911 centies
388 3861 453 3912 haec
480 3864 605 3915 vocabula
630 3874 771 3915 mutarunt.
806 3863 858 3915 vid.
880 3860 1027 3912 Miscellan.
1049 3860 1112 3910 Obs.

65 3972 67 3976 >
130 3945 192 3996 Vol.
216 3943 242 3994 7.
266 3963 293 4013 p.
320 3943 379 3996 275.
414 3950 527 4016 interpr.
551 3945 659 4000 311013.
678 3947 710 4001 de
730 3952 803 3999 Orat.
824 3945 855 4012 1,
875 3945 908 4010 9,
926 3943 970 4000 88.
1007 3945 1122 3995 Curtius*

128 4029 163 4080 ad
190 4029 257 4083 Plin.
276 4032 325 4098 Ep.
347 4029 381 4094 8,
398 4031 442 4083 22.
476 4033 509 4083 ad
536 4034 642 4084 Sallust.
659 4035 715 4099 Ing.
732 4029 765 4095 4,
783 4029 810 4083 8.
843 4031 982 4082 Ruhnken.
1003 4031 1036 4082 ed
1056 4032 1111 4081 Te-

129 4114 448 4179 13111.1.1111.1,4,20.
482 4118 617 4170 1113113111).
641 4117 675 4168 311
692 4116 749 4169 niv.
768 4114 800 4179 3,
816 4112 866 4181 52,
887 4115 912 4168 8.
929 4127 957 4169 31
975 4115 1008 4182 5,
1030 4113 1064 4180 4,
1088 4115 1113 4168 1.
1201 4160 1205 4171 .

129 4199 298 4269 Oudendorp.
318 4199 351 4252 ad
366 4200 470 4270 Apulei.
486 4203 599 4272 Apolog.
617 4198 723 4274 13518.
757 4201 901 4259 Frotscher
925 4190 963 4255 ad
984 4200 1112 4269 Quinctil.
