2618 4770
156 310 223 384 aa
417 274 420 281 ⁴
570 308 764 394 aucun

64 478 70 486 “
155 463 470 546 crimenentur,
507 486 545 530 ea
562 486 636 539 ¹iton
658 464 812 543 destituta
833 456 1081 548 assumtione,
1113 471 1196 551 'atque

162 548 362 623 vocabulum
377 549 502 640 aliquia
516 552 627 642 'prope
651 549 805 617 academ
829 549 870 614 ad
891 549 1055 638 quidam
1084 559 1118 614 et
1140 552 1196 637 quis

155 640 208 707 vad
226 635 413 732 ptisanam.
442 635 783 725 jTamcnoavendum
799 646 865 712 est,
894 654 956 716 ne,
987 646 1028 700 ut
1049 633 1146 700 facile
1160 636 1193 714 fir,

154 736 204 792 et*
220 723 435 810 iamseepius
449 719 576 787 faeutm
598 733 664 822 est2
693 722 795 786 nimia
820 720 1001 800 subtilitate
1023 719 1190 801 abutamur.

128 811 279 897 'Neque
300 811 390 872 enim
413 824 492 872 cum
504 807 690 899 'Saltuppro‘
709 806 919 895 negabimus,
952 807 986 871 in
1010 804 1097 894 quid
1110 808 1188 894 sylla·

155 894 243 961 bam
258 894 310 959 ali
325 895 587 959 omissam'esses
611 897 695 980 ¹quae
717 892 852 980 quidem
867 892 979 956 omitti.
992 891 1145 974 debebat,
1163 905 1187 959 at

161 977 576 1049 enclitieumredderetmi
595 1001 703 1066 neque
726 999 802 1042 cum
817 977 978 1042 Steubero
1001 977 1183 1064 mirabimur,

158 1064 396 1156 grammaticos
413 1065 574 1151 quosdam
591 1087 645 1146 ea,
666 1086 749 1151 quae
764 1085 833 1127 uno
852 1072 994 1149 accentu
1002 1061 1180 1149 cohibentur,

163 1158 233 1215 utic
248 1149 408 1216 vocabulo
427 1150 548 1236 alpais,
570 1151 686 1238 aequis
701 1149 877 1213 coniuncta
891 1147 1078 1236 scripsisse,
1100 1170 1180 1239 neque

105 1288 107 1292 .
157 1233 269 1301 'etiam'
286 1234 463 1300 discrimen
484 1235 603 1300 barum
629 1234 852 1314 formularum
864 1255 1071 1326 quaeremus
1096 1234 1127 1298 in
1145 1236 1185 1302 dt·

123 1380 126 1383 .
163 1333 257 1388 versa
274 1318 658 1408 quadam-eonditiotialis
674 1316 853 1384 sententiis
870 1329 1007 1400 natura,
1031 1340 1092 1398 nec
1107 1319 1196 1385 Frul·.

163 1405 281 1472 sehero
296 1404 486 1489 credemus,
503 1410 571 1507 qut·
580 1405 616 1470 in
629 1404 660 1469 si
684 1404 819 1493 aliquid
832 1404 1072 1469 dubitationem
1085 1405 1178 1470 intelli·

154 1510 244 1578 ·gens
259 1492 428 1577 negationi
442 1514 654 1578 promam,
674 1491 816 1555 nimium
837 1490 952 1579 arripit
965 1490 1059 1576 (nam
1075 1490 1178 1578 aliquid

162 1577 346 1665 significare
360 1587 471 1665 pot'cst
487 1577 659 1658 nonnihil,
691 1575 925 1663 aliquantum):
955 1575 1015 1639 sed
1042 1574 1126 1639 haud
1145 1587 1178 1640 te·

162 1683 257 1728 mere
273 1663 493 1727 concedemus
511 1664 570 1745 iis,
592 1663 648 1753 qui
665 1684 801 1726 omnem
819 1662 983 1725 rationem
998 1683 1114 1749 negare
1127 1671 1192 1726 na·'

163 1747 317 1829 luerunt,
340 1748 447 1812 multo
467 1748 693 1837 frequentiore
710 1769 778 1827 esse
795 1747 1026 1811 encliticorum
1043 1748 1179 1836 exempla.

161 1835 213 1898 Ab
228 1832 290 1898 hac
304 1854 383 1903 vero
405 1833 641 1897 consuetudine
662 1833 743 1915 boni
764 1831 943 1919 scriptores
967 1853 1038 1917 non
1062 1855 1181 1897 recesse-

160 1929 260 2001 runt,
280 1919 344 1983 nisi
363 1916 610 2004 significationis
630 1928 803 2003 potestate·
816 1917 997 1996 commoti,
1028 1927 1084 1982 aut
1103 1915 1183 1981 sicubi

161 2004 296 2069 numeri
316 2025 426 2066 caussa
450 2003 653 2082 accessisset,
692 2026 764 2067 eam
795 2025 869 2067 curn
897 2024 995 2066 sensu
1026 2003 1186 2069 verborum

163 2090 387 2156 conciliantes.
408 2088 495 2150 Nam
510 2087 614 2152 multa
628 2089 778 2169 inveniri,
794 2089 829 2152 in
846 2088 1128 2176 quibussenteatia
1138 2109 1187 2175 pa·

161 2195 241 2239 rum
257 2183 313 2238 aut
326 2172 410 2258 nihil
429 2183 595 2255 mutetur,
623 2173 651 2236 si
669 2175 739 2259 quis
763 2174 1016 2254 alterumutrum
1032 2197 1075 2240 ex
1089 2185 1191 2238 aucto-

15 2334 17 2338 ,
75 2296 80 2302 ·
135 2259 260 2326 'ritate
288 2256 482 2322 meliorant¹
504 2257 658 2322 codicum
689 2259 884 2322 substituere
912 2258 1006 2341 velit,
1050 2258 1193 2347 profecto

74 2380 77 2384 ·
161 2365 264 2406 nemo
282 2363 325 2406 ne
349 2343 434 2416 abit,
468 2345 523 2430 qui
545 2344 782 2409 vicissitudines
804 2344 902 2409 vividi
925 2345 1090 2410 sermonis
1109 2365 1196 2410 com·

187 2438 272 2490 ertas
287 2364 448 2492 babuerit.
488 2430 810 2516 Quamquam'etiam
826 2439 919 2508 sunt,
965 2426 1196 2494 uae'attentum

160 2450 322 2576 lictorem
336 2512 457 2579 'fallere
478 2516 617 2601 possint.
637 2553 639 2557 ·
662 2514 771 2579 Veluti
792 2514 915 2578 Plinius
938 2453 965 2578 li
993 2559 1002 2578 .
1030 2521 1068 2595 1,
1092 2521 1150 2597 10,
1171 2515 1196 2577 1η

162 2597 196 2660 si
208 2598 347 2683 quaudo
361 2597 440 2683 urbs
452 2611 574 2664 nostra
590 2598 785 2664 liberalibus
800 2599 924 2664 studiis
942 2538 1090 2688 fibram,
1117 2619 1196 2665 aaut

160 2684 310 2748 maxime
317 2683 445 2772 flaret:
476 2684 533 2749 ubi
557 2707 599 2749 ex
623 2686 764 2750 aliorum
786 2689 970 2781 praeceptis
993 2680 1196 2750 scribendun

158 2768 222 2830 erit
245 2769 452 2854 aliquando,
478 2769 569 2855 quod
594 2772 636 2834 sit
661 2771 725 2834 alio
758 2770 867 2854 aliquo
897 2781 1069 2857 tempore:
1094 2782 1196 2858 atqu*

158 2852 258 2915 etiam
273 2876 335 2917 nos
354 2877 434 2919 voce
447 2855 652 2920 intendemus
669 2854 864 2921 vocabulum
877 2855 1010 2936 jemals.
1050 2858 1196 2922 Attamel

107 2967 108 2970 ¹
157 2936 339 3023 siquando
356 2939 421 3003 hoc
436 2940 512 3005 loeo
536 2941 697 3028 significat
716 2938 1000 3027 quotiescumque)
1023 2951 1062 3003 ut
1076 2943 1108 3006 si
1142 2944 1196 3006 ais

157 3023 188 3084 el'
201 3047 245 3098 τις
261 3046 324 3109 pro
342 3027 507 3112 quisquis,
530 3022 612 3102 ὅστις
631 3036 814 3114 ponuntur.
859 3026 927 3090 Cic.
942 3049 977 3113 p.
1002 3026 1095 3094 Sext.
1121 2967 1196 3092 iiia

156 3110 220 3187 62,
243 3113 315 3172 181.
329 3111 361 3172 si
377 3111 494 3188 eatuli
520 3112 551 3174 ii
571 3133 686 3178 seusus
703 3111 741 3174 ia
754 3122 863 3175 morte
870 3110 1138 3196 praeclarorum
1153 3113 1196 3178 ai-

155 3214 284 3256 rarum.
306 3202 339 3257 et
361 3207 477 3259 contra
494 3134 613 3284 ibitip.
630 3202 670 3278 9,
693 3199 730 3277 6,
755 3201 806 3261 13.
831 3196 862 3259 si
881 3196 953 3282 quis
971 3207 1021 3260 est
1036 3199 1196 3262 sermasia

118 3288 121 3293 '
155 3289 274 3341 morte.
319 3276 402 3343 Illud
423 3283 510 3346 enim
527 3292 593 3364 cst,
618 3282 646 3348 si
670 3302 707 3343 re
725 3301 802 3346 vera
816 3291 924 3358 certus
944 3281 1059 3366 aliquis
1076 3304 1196 3348 sensus.

139 3361 270 3450 .Ncque
288 3365 375 3427 enim
392 3367 589 3453 interposita
605 3367 721 3447 verba,
751 3388 833 3451 quae
855 3366 1008 3430 Doelekii
1033 3379 1104 3431 erat
1128 3392 1197 3443 sen·

49 3468 54 3477 ·
153 3448 272 3528 tentia,
300 3445 461 3525 efficiunt,
485 3461 523 3514 ut
543 3452 660 3537 plenae
677 3451 856 3516 verborum
872 3449 1002 3525 formae
1017 3456 1196 3537 praestent,

154 3531 212 3595 sed
241 3532 283 3596 ob
297 3532 411 3616 ,aliurn
435 3557 569 3600 sensum
600 3537 787 3624 graviorem
818 3557 1009 3623 pronomen
1036 3539 1196 3603 removeri

37 3655 42 3661 -
153 3627 264 3702 potest
281 3639 299 3681 a
315 3619 566 3700 coniunctione,
584 3632 818 3707 remotumque
834 3643 892 3684 sua
908 3622 941 3685 vi
961 3632 1102 3688 constat.
1134 3625 1196 3687 Cic.

154 3699 194 3766 de
209 3703 285 3788 Leg.
303 3709 343 3783 3,
366 3709 404 3784 9,
419 3711 479 3771 21.
509 3707 579 3770 nisi
594 3728 787 3769 mucronem
810 3706 957 3792 aliquem
981 3705 1196 3773 tribunicium

153 3790 346 3868 exaruisset
368 3791 405 3853 ia
426 3814 501 3855 aas.
527 3791 568 3854 ad
591 3791 680 3855 Fam.
707 3795 765 3871 16,
791 3797 849 3872 12,
876 3796 904 3854 1.
926 3793 964 3856 iu
989 3813 1065 3855 eam
1089 3794 1196 3865 locam

149 3892 205 3934 res
228 3871 376 3938 deducta
399 3888 465 3953 est,
512 3876 648 3954 aluisi
681 3877 738 3962 qui
761 3875 843 3940 cleas
867 3875 918 3939 uel
946 3899 1045 3939 casus
1075 3879 1196 3966 aliquia

144 3955 356 4040 *subverterim
377 3960 465 4025 salai
482 3976 551 4025 esse
566 3968 782 4048 nequeamus.
825 3960 935 4025 Etiam
950 3965 1083 4050 gravior
1097 3984 1196 4031 vocu-

148 4039 248 4123 lario,
272 4064 372 4128 quam
391 4045 572 4110 Doelekius
583 4047 674 4110 inter
693 4045 813 4111 indicia
829 4059 1091 4135 commemorat,
1109 4049 1196 4138 regi-

148 4133 205 4194 tur
224 4125 267 4194 ab
281 4129 355 4216 ipsa
369 4131 550 4200 verborum
568 4130 818 4220 significatione.
