2618 4770
403 316 746 424 ‚naeres
867 284 870 292 Α
1084 263 1180 396 1ιῖ

152 495 193 541 eo,
212 479 257 546 qul
275 495 333 530 cum
350 478 468 530 exercitu
488 483 521 530 ex
535 479 621 547 alique
633 477 744 544 regione
758 474 800 528 rel
814 475 846 528 ab
862 473 1054 539 alicuiusurbis
1069 506 1120 556 op-

150 565 304 631 pugnatione
321 564 470 617 recesserit.
503 564 558 615 Cic.
575 564 671 632 Philip.
692 559 837 626 12,5,11.
858 564 1050 625 denuntiatam
1070 586 1121 635 est,

150 668 176 700 m
191 649 307 705 Brutum
317 647 466 709 obsideret,
485 655 504 702 'a
522 649 644 702 Mutina
661 646 822 703 discederet.
844 651 904 701 ooll.
919 671 942 703 c.
959 655 986 718 2,
1002 653 1028 712 4.
1047 661 1119 711 Caes.
1170 662 1174 667 '

151 736 203 788 ut.
216 733 244 797 s,
258 735 303 787 24.
326 732 404 790 Libo
415 733 542 793 discessit
555 753 574 788 se
586 731 747 796 Brundisio,
760 730 999 810 obsessionemque
1012 754 1122 797 nostro-

150 838 196 871 mm
209 823 320 876 onrisit.
598 844 599 847 ¹

174 906 288 973 Propria
307 923 362 958 non
386 905 468 957 habet
481 904 676 972 Ruddiprannns
692 923 718 972 p.
731 903 791 959 281.
806 907 839 958 Τ.
855 907 881 965 2.
897 908 960 959 edit.
976 911 1048 978 Lips.
1060 913 1121 968 Gul.

145 992 202 1040 Otto
224 991 335 1047 Reizius
362 993 438 1058 Spec.
460 990 657 1060 Psendesynon.
680 990 709 1040 in
722 990 834 1050 Miscell,
850 994 959 1054 Obs.·T.
971 997 1007 1046 X.
1021 1016 1047 1065 p.
1063 996 1128 1061 126,

142 1072 280 1134 discrimen
299 1075 465 1133 demonstrat
485 1076 604 1144 exemplo
622 1075 691 1134 Livii
698 1074 748 1138 121,
764 1074 790 1140 9,
803 1074 829 1129 3.
849 1079 961 1136 interim
974 1078 1010 1134 ab
1028 1082 1121 1138 Roma
1175 1072 1179 1079 ”

139 1155 247 1225 legatos
268 1161 378 1223 uenisse
397 1163 557 1221 nuntiatam
575 1170 633 1221 este
659 1161 731 1237 quod
744 1178 828 1228 neque
844 1163 898 1216 loei
907 1166 1119 1238 proximitatem,
1183 1212 1184 1224 2

110 1286 113 1291 ,
138 1259 221 1310 neque
246 1245 340 1303 urbem
364 1244 434 1296 unde
455 1247 577 1304 venerint
593 1246 688 1312 legati,
710 1245 757 1295 sed
774 1247 858 1314 ipsam
874 1249 1021 1314 civitatem,
1050 1271 1121 1320 ⁴quae

135 1327 194 1387 illos
217 1328 337 1395 miserit,
361 1330 485 1389 declaret,
521 1330 548 1380 si
564 1330 797 1398 praepositionem·
810 1349 864 1383 non
886 1334 1039 1401 addidisset,
1067 1338 1119 1388 du-

134 1409 205 1473 ilium
225 1432 293 1479 esse,
312 1415 439 1483 aquibus
462 1415 535 1472 missi
555 1424 659 1477 essent,
695 1432 757 1465 num
773 1416 809 1466 ab
828 1417 893 1485 ipsis
915 1421 1020 1486 Poenis,
1039 1441 1072 1479 an
1086 1425 1119 1475 ab

136 1497 272 1563 Romanis,
299 1517 333 1556 an
356 1517 419 1556 vero
444 1499 476 1557 eb
500 1499 554 1559 alio
576 1501 695 1575 populor
711 1500 767 1550 Liv.
791 1498 825 1564 3,
846 1503 880 1565 2,
904 1502 930 1555 3.
953 1524 983 1563 se
1006 1525 1041 1563 ex
1065 1509 1120 1564 Ae.

138 1585 200 1651 quis
225 1603 326 1654 pacem
349 1585 471 1645 Romam
490 1583 605 1652 tulisse,
642 1582 678 1641 ab
702 1586 795 1648 Roma
816 1586 1044 1659 Aequis,bellum
1070 1595 1119 1648 ad·

134 1663 236 1736 serre·¹
1039 1662 1041 1668 Ι

166 1757 278 1807 Sueten.
302 1757 368 1821 Aug.
390 1752 449 1814 100.
470 1769 572 1823 corpus
592 1753 752 1813 decuriones
771 1756 983 1826 municipiorum
1000 1771 1027 1815 et
1043 1763 1118 1816 colo·

138 1842 250 1892 uiarum
271 1857 290 1895 a
314 1837 395 1900 Nola
414 1837 544 1898 Bovillas
563 1857 647 1912 suque
663 1839 868 1910 deportareuts
894 1869 929 1883 -
957 1839 1119 1907 aBoeillii

136 1935 264 1998 equester
279 1923 350 1984 ordo
369 1925 491 1995 suscepit
507 1922 622 1997 urbique
639 1923 747 1984 intulit.

170 2030 246 2083 Caes.
257 2031 287 2078 B.
302 2029 334 2078 G.
342 2025 369 2091 7,
376 2024 419 2079 44.
429 2037 460 2082 ut
475 2037 536 2081 enat
552 2048 571 2081 a
587 2017 930 2099 Gergovia'despectusin
947 2042 1045 2086 castre.
1062 2053 1118 2087 eon

141 2112 288 2184 Gergovia
309 2132 370 2169 aas.
388 2113 477 2163 Simile
494 2123 534 2164 est
554 2113 623 2164 Livii
646 2112 672 2178 8,
690 2112 733 2177 17,
747 2112 772 2165 9.
794 2118 1000 2170 exsecutionem
1014 2138 1032 2169 a
1052 2119 1118 2175 Pae-

138 2211 182 2254 sto
195 2196 354 2268 facientem
375 2199 394 2258 i.
409 2217 432 2257 e,
457 2197 490 2258 ab
514 2215 544 2258 ea
562 2209 648 2268 parte,
673 2198 718 2259 ubi
741 2208 781 2255 est
794 2201 923 2258 Paestum.
958 2205 1011 2256 eed
1028 2205 1117 2260 dehis
1211 2186 1214 2191 ⁴

157 2296 240 2340 osteo.
1064 2308 1065 2313 ¹

138 2304 283 2424 pVeniant
302 2365 365 2418 libri
386 2364 475 2416 multis
499 2366 527 2425 ln
551 2365 627 2418 locis.
650 2367 704 2418 Cio.
724 2363 805 2429 Acad.
821 2371 845 2432 l,
862 2369 886 2431 1,
907 2370 932 2420 1.
944 2371 989 2432 ubi
1003 2374 1116 2442 Stepha-
1197 2417 1205 2452 ,ἢ

140 2473 202 2507 nus:
229 2455 346 2509 venisse
362 2470 423 2510 eant
439 2469 457 2502 a
472 2451 566 2511 Rauca
585 2451 677 2523 pridie
691 2457 810 2524 vesperi.
827 2455 886 2506 Liv:
900 2455 944 2520 31,
964 2456 1008 2521 26,
1025 2455 1050 2508 5.
1069 2479 1118 2512 aa·

138 2561 183 2595 nes
208 2541 355 2595 Romanae
378 2558 396 2589 a
424 2537 538 2590 Piraeeo
554 2539 705 2594 venientes.
740 2543 771 2589 ln
786 2539 844 2589 aliis
858 2540 931 2591 abest
945 2545 1116 2610 praepositio,

139 2645 215 2694 qoam
227 2626 258 2689 iu
269 2623 374 2676 nomine
384 2622 487 2682 Piraeei
501 2639 578 2689 saepe
594 2623 658 2690 poni
676 2625 865 2684 demonstravit
877 2626 1115 2689 Drakenborohius.

138 2712 195 2762 vid.
213 2709 381 2778 Oudendorp.
399 2708 432 2768 ad
450 2710 557 2768 Sueten,
576 2709 731 2769 Claudsl7.

152 2814 183 2876 4.
212 2811 352 2874 Ponitur
366 2811 410 2874 ab
426 2830 504 2873 eum
518 2810 711 2876 nominibus
727 2824 903 2893 terrarum,
920 2813 1116 2897 quibuscum

91 2898 142 2963 lere
159 2897 371 2982 coniungitur
384 2895 588 2986 praepositio
605 2919 656 2960 en.

173 3001 228 3051 Liv.
246 2997 290 3064 32,
301 2999 344 3064 31,
359 3001 384 3051 6.
403 3001 515 3055 litterae
531 2998 675 3053 consulum
688 3020 706 3051 a
728 2990 828 3053 Gallia
846 2998 881 3050 de
897 3001 985 3070 gestis
1001 3017 1116 3072 prospe·
1182 3053 1184 3057 ,

139 3107 164 3139 re
184 3082 233 3138 sub
252 3083 325 3137 idem
346 3097 454 3156 tempus
471 3086 593 3154 Romam
610 3085 728 3144 allatae.
755 3085 800 3135 ubi
819 3085 952 3135 Drakenb.
976 3085 1078 3138 Vitruv.
1090 3085 1114 3136 7.

141 3173 223 3240 praei.
253 3170 280 3221 8.
304 3191 322 3232 a
345 3170 522 3226 Macedonia
546 3171 644 3224 Zoilus
664 3200 699 3212 --
718 3167 921 3229 Alexandriam
936 3173 1022 3222 venit.
1055 3173 1114 3222 Vid.
1174 3206 1177 3213 ι

138 3256 303 3324 Oudendorp.
319 3257 352 3318 ad
371 3259 477 3307 Sueten.
491 3258 555 3307 Ner.
573 3253 616 3308 25.
633 3258 745 3324 Interpr.
764 3255 798 3305 ad
815 3256 869 3312 (lic.
883 3255 950 3305 Phil.
966 3254 991 3317 7,
1002 3254 1028 3317 8,
1038 3255 1081 3306 25.
1182 3260 1185 3266 ’

170 3343 304 3395 Vocabula
318 3346 437 3396 extorris
451 3352 479 3393 et
492 3340 571 3394 exsul
585 3336 869 3409 numquam'accipiunt
882 3340 1113 3408 praepositionem,

138 3430 180 3480 sed
206 3428 353 3496 simplicem
376 3428 490 3477 nominis
516 3426 666 3476 ablativum.
707 3427 784 3486 Quod
807 3419 903 3491 legitur
928 3425 996 3494 apud
1014 3425 1114 3474 Livium

139 3513 162 3577 5,
179 3512 223 3577 30,
242 3512 268 3562 6.
293 3532 327 3564 nc
340 3511 478 3574 exsulem,
506 3521 639 3563 extorrem
659 3509 797 3580 populum
819 3511 977 3563 Romanum
999 3507 1034 3559 ab
1050 3505 1113 3557 solo

137 3602 225 3669 patrio
241 3619 275 3650 ac
291 3597 346 3659 diis
359 3593 510 3668 penatibus
528 3600 557 3650 in
570 3593 691 3648 hostium
706 3593 798 3647 urbem
814 3606 936 3666 agerent,
952 3591 1112 3662 praepositio

137 3685 259 3735 cohaeret
277 3699 335 3733 oum
351 3684 431 3742 verbo
446 3699 536 3752 agere.

147 3771 179 3831 5.
200 3768 252 3830 De
271 3764 459 3835 discrimine
473 3764 713 3829 vocabulorum
730 3761 772 3825 ub
788 3773 819 3825 et
834 3785 874 3826 ex
887 3758 1064 3829 Diomedes
1083 3763 1111 3820 1.
1301 3769 1302 3772 ’

91 3875 104 3912 ι.
119 3852 191 3916 408.
219 3853 285 3914 ita:
317 3852 383 3924 lma
400 3860 588 3935 praetereo
602 3849 896 3934 praepositiones,
924 3857 959 3907 ul
975 3841 1111 3929 quibus-
1210 3844 1213 3849 '

91 3935 148 3998 lam
167 3936 311 4010 uidetur,
333 3934 507 4004 nunidem
522 3957 687 4020 utriunque
703 3931 914 4020 significent.
934 3925 1005 3992 Nec
1023 3930 1113 3992 enim

93 4045 169 4085 mna
200 4045 242 4085 ex
278 4021 411 4083 llzeatro
440 4022 552 4084 uenire
583 4033 616 4083 et
636 4044 659 4084 u
685 4020 828 4082 theatro·
878 4012 971 4079 Nam
993 4015 1049 4100 qui
1072 4039 1112 4077 eu

91 4107 199 4172 lenire
217 4105 390 4176 revenire
408 4103 504 4184 (licit,
521 4103 574 4176 'ex
589 4108 663 4192 ipso
679 4105 765 4177 acuit
782 4103 931 4184 illenim:
961 4101 1018 4188 qai
1036 4122 1111 4163 cero
