2618 4770
1061 263 1068 271 κ

594 302 684 364 nl).
1096 316 1155 376 105
1295 324 1305 345 ι

161 464 219 506 est.
257 452 313 507 Cic.
331 452 364 513 de
384 456 506 522 Orati,
523 455 557 520 6,
573 455 619 511 2⁶.
647 476 729 529 quem
742 438 923 526 cognovimus
942 462 1034 512 virum
1052 460 1155 517 donum

160 550 192 590 et
215 557 273 590 non
290 536 473 606 illiteratum,
494 539 634 622 sedxniln'l
653 542 692 594 ad
714 542 846 596 Persium.
876 544 895 593 i.
911 562 934 596 e.
960 543 1049 598 niclts
1065 566 1155 619 gagen

164 623 299 686 Persius,
325 626 363 676 im
385 624 532 695 Vergleiclr
555 629 605 678 mit
625 627 661 693 P.
682 647 710 696 p,
729 626 817 678 Deiot.
833 626 860 686 8,
877 625 921 682 24.
943 629 1056 684 addidit
1070 637 1155 688 etiam

163 707 393 780 illad‚,equites
412 728 469 772 non
491 712 614 780 optimos
629 715 753 766 misisse.-
771 720 894 777 ueteres,
914 713 1010 793 gerlo,
1037 716 1156 783 Caesar.-
1182 734 1223 805 ’,ἢ
1247 736 1265 810 s

162 791 243 849 nillil
259 792 392 846 adtuum
413 798 576 867 equitatum.
610 799 717 848 Terent.
741 799 808 852 Eun.
825 795 859 860 2,
879 795 914 863 3,
940 796 982 850 70.
1003 801 1057 852 Cic.
1075 805 1169 857 Tusca
1191 739 1303 879 ,m'gl

162 884 220 944 Qu.
239 879 265 941 1,
287 877 655 935 immurmurarent>
674 880 777 932 mando
801 885 884 935 sitam
900 882 941 936 ad
959 885 1078 940 universi
1096 904 1156 946 coe·

162 964 187 1018 li
207 962 387 1035 conrplexum
407 969 487 1037 quasi
512 968 608 1036 puncti
632 967 724 1025 instar
750 961 884 1022 obtinere.
910 968 969 1022 Liv.
988 969 1031 1033 22,
1051 969 1094 1033 22,
1113 966 1154 1044 16.
1240 956 1249 973 ”

110 1112 114 1118 Ι
162 1048 276 1105 leontini
286 1052 294 1113 ,'
317 1066 374 1100 non
390 1048 538 1102 adcelera
558 1051 663 1104 Punica
681 1053 794 1120 ingenia
812 1051 937 1116 callido,
958 1064 989 1105 at
1007 1058 1154 1124 persuasit.

162 1137 232 1190 vid.
250 1134 449 1188 Drakenborch.
470 1135 504 1186 ud
516 1134 572 1187 Lir.
585 1133 631 1199 38,
653 1132 697 1198 53,
717 1136 758 1186 10.
778 1137 908 1189 Goereuu.
926 1140 960 1189 ad
975 1138 1029 1191 cic.
1044 1139 1076 1190 de
1091 1141 1154 1207 ch.

161 1221 202 1286 1,
222 1223 249 1287 2,
269 1220 299 1290 6.
318 1222 402 1272 Pleut.
419 1221 492 1289 Gept.
505 1221 530 1286 2,
550 1220 576 1284 2,
597 1219 639 1272 25.
663 1219 702 1273 ad
721 1222 889 1290 sapientiam
905 1225 986 1278 liuius
1004 1227 1088 1279 nimis
1106 1245 1156 1278 nu·
1223 1272 1227 1277 .

162 1318 254 1379 gestor
265 1301 341 1376 fuit.
369 1306 437 1358 Vide
456 1307 573 1356 Gronov.
591 1305 727 1355 Observat.
746 1303 773 1367 4,
793 1305 817 1356 6.
838 1308 1172 1378 (p.581.Lips.)Ba1-th.‚

163 1392 203 1442 ad
223 1391 310 1443 Gratii
332 1383 430 1460 Cyneg.
452 1389 513 1441 211.
540 1389 615 1440 Pnrei
640 1389 758 1440 Lexicou
782 1390 840 1444 crit.
868 1412 895 1461 p.
908 1393 951 1447 30.
971 1412 995 1446 a.
1017 1382 1104 1446 Burm.
1121 1397 1156 1447 sd

165 1477 247 1531 ovid.
269 1478 332 1526 Her.
346 1473 381 1538 9,
400 1473 461 1525 119.
488 1476 544 1526 Nec
563 1483 650 1525 temen
674 1471 725 1524 linc
747 1475 865 1541 pertinet
886 1480 971 1530 Plaut.
988 1479 1107 1530 Trinnm.
1127 1479 1154 1542 3,
1208 1490 1210 1494 ’

163 1563 201 1627 2,
220 1560 265 1613 97.
300 1557 381 1613 credo
408 1557 447 1610 ad
472 1575 594 1612 summos
621 1555 772 1611 bellatores
799 1579 889 1613 acrem
915 1558 1076 1634 fugitorem
1095 1559 1154 1632 fo-

163 1667 204 1702 re.
235 1646 282 1698 ubi
313 1645 496 1697 Taubmunuus
523 1644 747 1715 comparationem
781 1662 929 1713 expressam
955 1666 1012 1699 esse
1036 1650 1154 1719 suspica-
1191 1636 1195 1649 '

114 1748 134 1781 .·
166 1734 254 1785 betur.

203 1828 261 1876 llnc
284 1821 420 1875 retulerim
442 1820 522 1872 eliani
539 1819 625 1883 illud,
655 1816 688 1873 de
717 1823 777 1890 qud
792 1821 952 1891 interpretes
968 1840 1023 1874 non
1039 1842 1154 1879 consen—

163 1911 253 1975 tiunt,
283 1909 338 1960 Cic.
358 1908 391 1959 de
407 1908 465 1958 Fin.
479 1905 514 1974 3,
539 1905 590 1972 16,
611 1903 653 1958 52.
671 1923 785 1976 qaorum
805 1906 875 1960 ordo
892 1915 1021 1980 proxime
1037 1870 1247 2002 accedit,3‘'.1⁸''4
1260 1869 1309 1934 1¹5³

164 2005 200 2048 ut
224 1992 359 2048 secandus
384 1993 422 2045 sit
446 1989 486 2055 ad
514 1994 623 2061 regium
650 1993 849 2062 principatum.
892 1995 1014 2046 Davisius
1038 1999 1156 2049 correxit
1177 1969 1230 2061 ff

169 2092 194 2135 'a
211 2082 290 2152 regio
307 2079 479 2149 principatu.
514 2077 712 2128 lluddimanuus
728 2079 760 2130 T.
775 2077 801 2128 2.
826 2098 853 2147 p.
870 2077 931 2133 216.
950 2099 977 2130 n.
992 2079 1036 2132 20.
1055 2080 1094 2132 ad
1111 2083 1155 2132 di-
1172 2076 1289 2130 quw*

79 2198 82 2203 ·
159 2165 353 2223 ‚cicenteudit
369 2163 460 2214 eudem
475 2162 596 2224 ratione,
624 2162 719 2229 quain
737 2164 886 2214 enarrando
905 2165 998 2217 ordine
1019 2167 1158 2223 secundas

166 2249 205 2304 ab
228 2249 335 2321 aliquo.
373 2248 532 2300 Goerenzius
559 2247 685 2316 explicuit
711 2247 820 2320 quoad,
853 2249 901 2299 sed
926 2250 1023 2302 colluto
1043 2251 1103 2304 loco
1121 2255 1156 2322 2,

168 2336 222 2401 20,
240 2333 284 2400 65.
301 2351 395 2404 purum
413 2343 485 2402 epto.
519 2333 575 2400 Ego
595 2328 823 2402 'comparutionem
844 2333 965 2402 intelligo
983 2335 1053 2388 inter
1077 2341 1156 2408 prin-

169 2421 284 2489 cipatum
308 2429 336 2470 et
356 2420 498 2472 secundum
523 2417 658 2470 ordinem:
691 2421 730 2474 im
754 2415 932 2494 Verlttlrntss
958 2439 993 2473 zu
1021 2419 1070 2473 der
1090 2423 1156 2476 Ito·
1250 2478 1253 2489 ⁴

136 2532 139 2538 ·
169 2496 330 2576 nigsuis'trde
349 2505 397 2558 der
417 2505 522 2556 aweite.
824 2494 828 2504 ¹

142 2624 158 2655 ι
200 2599 271 2652 Vell.
287 2601 342 2650 Put.
363 2599 397 2663 2,
417 2598 485 2662 120,
511 2595 537 2648 6.
564 2595 703 2668 praeclari
723 2590 866 2667 facinoris
891 2607 990 2650 auctor
1006 2593 1073 2668 fuit
1095 2599 1158 2654 cal.

172 2685 223 2738 dus
250 2676 388 2747 Caelius,
407 2683 446 2734 ad
473 2692 644 2736 uetustatem
662 2679 801 2753 familiae
822 2699 888 2733 suae
904 2679 1093 2752 dignissimus.
1127 2687 1159 2737 Id

170 2764 243 2821 nirllo
272 2779 350 2838 pucto
369 2769 435 2819 lerri
453 2785 530 2835 posse
554 2785 643 2819 omnes
668 2767 842 2818 consentiunt.
878 2767 1059 2834 Wopkensius
1084 2770 1161 2821 Lect.
1215 2764 1222 2773 ’
1247 2788 1254 2804 ’

170 2855 242 2907 Tull.
258 2850 293 2918 2,
316 2851 343 2906 3.
360 2872 387 2921 p.
407 2850 468 2904 184.
494 2852 615 2904 defendit
641 2852 746 2902 ratione
767 2850 899 2901 nonsatis
916 2851 1046 2919 expeditu.
1072 2855 1157 2922 Equi-

169 2942 228 2992 dem
249 2938 336 2990 nullus
353 2936 462 2999 dubito,
489 2936 553 3004 quin
578 2954 635 2987 voc.
653 2935 755 3006 dignas
771 2935 810 2985 itu
826 2945 898 2986 recte
917 2945 1084 3003 constructus
1101 2957 1179 3005 cnm,

126 3052 129 3056 ·
162 3023 384 3095 praepositione,
399 3039 464 3089 quse
473 3023 696 3089 comparationem
712 3031 805 3083 notat,
826 3031 853 3070 et
870 3020 948 3071 uliam
962 3039 1018 3071 rem
1032 3022 1066 3071 nd
1080 3023 1157 3075 uliam

170 3112 261 3162 refert.
294 3111 367 3170 Quae
386 3106 517 3157 sententia
536 3124 590 3157 non
613 3104 766 3158 destituitur
779 3104 1025 3168 verisimilitudine,
1044 3123 1093 3158 nec
1108 3108 1159 3159 de-

170 3195 350 3247 siderarentur
375 3192 507 3259 exempla,
533 3191 584 3241 nisi
608 3190 758 3242 alibruriis
781 3189 846 3241 salia
866 3190 923 3263 iere
946 3200 1046 3242 mutata
1062 3203 1158 3247 essent.

172 3266 278 3332 Certum
296 3278 348 3329 hoc
366 3277 472 3344 quidem
490 3285 531 3326 cst
545 3275 630 3326 Plauti
650 3275 707 3326 Mil.
724 3275 792 3341 glor.
811 3272 838 3341 4,
858 3276 882 3336 1,
906 3275 950 3328 20.
984 3279 1043 3328 Pu.
1061 3265 1160 3347 lepida

172 3376 202 3419 et
219 3361 333 3418 liberali
344 3356 448 3431 forma
467 3369 515 3413 est
552 3362 597 3412 Pr.
629 3359 703 3413 Cave
724 3358 906 3410 nrenrlnciam.
932 3362 995 3414 Psr..
1019 3362 1067 3414 Ad
1082 3373 1159 3414 tunm

165 3445 296 3520 formam
324 3444 378 3500 illa
405 3462 461 3497 ana
487 3443 576 3514 digna
600 3453 651 3496 est.
683 3443 763 3512 Atqui
792 3443 832 3493 uti
857 3444 945 3511 puelle
968 3445 1065 3497 dicitur
1092 3449 1159 3498 bene
1243 3508 1246 3513 ,
1294 3436 1300 3445 ’

169 3533 311 3583 convenire
332 3550 389 3581 cnm
404 3532 496 3599 pulcre
511 3528 611 3582 iuvenis
626 3530 720 3591 formu,
737 3529 776 3580 itu
791 3528 837 3580 ille
853 3528 957 3580 Caclius
972 3549 1030 3582 cum
1042 3522 1159 3583 vetustae

172 3618 289 3670 familiae
307 3617 472 3670 celebritate.
1197 3607 1201 3615 ’

1252 847 1266 871 Q

180 3745 183 3751 ·
211 3723 242 3772 ln
260 3706 442 3786 virgil-'Ecl
468 3717 500 3783 3,
526 3715 570 3774 48.
599 3721 625 3773 si
648 3716 687 3772 ad
714 3713 838 3770 vitulam
865 3725 992 3785 spectas,
1020 3712 1094 3768 nihil
1118 3727 1175 3778 est,
1288 3706 1290 3713 ⁵

171 3804 248 3879 qaod
274 3802 379 3876 pocula
411 3803 520 3857 laudes.
546 3808 707 3857 Burmannus
740 3803 808 3853 mule
848 3801 978 3852 construit
1003 3800 1083 3850 verbu
1107 3801 1159 3873 hoc

172 3882 284 3946 ordine:
317 3888 340 3939 si
365 3890 460 3957 pocula
486 3898 588 3957 spectus
614 3890 647 3939 nd
672 3888 799 3951 vitulam,
824 3886 893 3936 nihil
916 3894 956 3937 est
973 3884 1044 3953 qnod
1059 3886 1163 3941 laudes.

172 3978 258 4039 Quum
276 3973 448 4025 subtilitatem
466 3975 573 4025 omnino
593 3975 695 4043 respuit
710 3973 798 4022 nativa
816 3972 912 4025 oratio·

203 4078 434 4158 Nummorum
464 4088 678 4158 collutiodem
711 4089 870 4156 habemus
902 4086 937 4153 in
968 4087 1019 4171 his
1049 4091 1160 4172 Quin-

316 4318 321 4328 ι
339 4280 349 4310 ⁸
434 4278 438 4285 1
