2618 4770
32 35 47 359 J
1066 230 1104 278 n

10 370 38 479 'i
69 354 198 450 ugnas
218 362 260 426 ao
281 356 379 447 plane
396 352 588 422 neoessiria.
628 354 713 461 Nisi
735 350 1016 431 rero'obsonrnm
1045 372 1109 448 bat,

10 482 32 573 pi
68 496 205 576 qnantum
233 482 387 553 momenti
400 480 586 549 babeantin
601 503 740 571 oorpore
753 482 796 550 ad
810 495 932 554 motum
949 513 1107 582 usumque
1177 558 1180 563 .

24 664 30 729 f
65 618 270 703 umbrorum
281 611 404 679 molles·
414 604 534 676 ossium
549 589 789 692 commissurae,
808 613 908 701 nerui,
922 626 1105 708 ceteraque,

22 732 27 839 ξ
66 743 167 831 pibus
180 751 274 809 artus
295 760 408 806 omnes
429 736 502 825 apti·
519 737 721 826 oonnexique
743 736 827 805 inter
845 761 918 808 sese
940 744 1105 816 eontinen-

20 842 25 909 ἶ
67 880 113 937 tur.
154 869 287 959 Quippe
317 866 387 934 aine
414 864 465 930 bis
490 863 767 932 moiunofionibus
797 876 832 934 et
856 870 947 954 quasi
961 873 1105 944 uinculis

64 1018 112 1062 non
135 1017 236 1062 seona
258 1004 356 1082 atquo
376 973 691 1081 humanm-eorpus
719 993 788 1060 sine
814 996 919 1063 nervis
941 997 1105 1085 dissoluta,

12 1122 20 1247 p
63 1121 245 1210 ninimeque
258 1121 343 1187 inter
358 1140 395 1185 se
408 1126 485 1207 apto
498 1126 533 1183 et
546 1118 724 1187 cohaerens
739 1120 874 1211 languet
888 1125 1001 1193 oratio.
1039 1128 1105 1196 Ita·-

10 1250 17 1335 Ι
63 1271 112 1337 quo
124 1272 195 1316 non
217 1246 378 1317 immerito
402 1243 541 1311 formose
562 1246 714 1336 Caligula
737 1248 792 1316 ilie
814 1251 937 1318 Caesar
959 1251 1025 1320 hoe
1044 1273 1104 1322 no²

62 1376 137 1446 nine
153 1378 321 1445 Senecam
333 1370 447 1453 irrisita
467 1371 556 1460 quod
570 1372 640 1442 eius
652 1375 773 1466 scripta
788 1400 919 1447 arenam
932 1380 1001 1447 sine
1013 1381 1104 1450 ooloe
1151 1416 1154 1427 ·

10 1560 12 1579 .
62 1526 120 1572 ase
138 1503 297 1572 dieeret‘t
368 1556 371 1561 .
507 1534 510 1539 ·
552 1502 556 1509 '
585 1532 588 1539 ·
631 1524 637 1534 ·

128 1631 369 1699 Particularum
388 1625 535 1707 nomine,
551 1637 588 1707 ut
601 1639 652 1712 tn,
672 1631 722 1699 vir
742 1633 1029 1722 praestantissime,
1049 1658 1103 1705 rna

61 1755 207 1842 baba,
230 1758 431 1850 compleotor
450 1760 589 1845 quatuor
610 1780 752 1846 genera,
772 1758 941 1841 advenbim
964 1737 1105 1853 praepo·

59 1884 198 1970 titionem
233 1885 496 1964 coniunctiones,
523 1883 778 1968 interiectiones‚
803 1910 941 1976 quarum
960 1889 1104 1959 omnium

59 2015 205 2105 regiones
219 2025 256 2085 et
267 2013 421 2082 terminos
435 2034 456 2077 a
468 2010 544 2079 ritis
558 1988 662 2079 doctis
683 2036 797 2103 parum
819 2015 967 2083 distinete
990 2017 1104 2084 defini·

59 2152 100 2211 toa
123 2165 200 2212 essa
227 2165 324 2210 nemo
352 2141 491 2228 ignorat.
543 2140 759 2222 Pronomina‚
790 2164 875 2231 quae
903 2143 1105 2211 Tursellinu'a

58 2271 236 2360 particulis,
259 2268 370 2337 nesoio
397 2268 692 2357 quo-argumento,
714 2272 959 2350 annumerabat,
984 2271 1106 2340 nullum

55 2397 102 2467 bia
119 2400 234 2467 loeum
250 2398 413 2477 obtinent,
440 2403 568 2484 praeter
591 2418 649 2462 eas
667 2396 805 2476 formas,
827 2421 910 2486 quae
933 2399 1105 2467 adverbio-

58 2547 126 2593 rum
140 2526 248 2594 ricem
263 2525 410 2615 explent,
431 2531 488 2589 aut
505 2544 581 2589 oum
592 2522 756 2612 particulis
772 2521 946 2594 cohaerent
958 2537 1105 2595 ennean·-

56 2654 161 2723 atinne
184 2663 220 2721 et
241 2653 390 2732 notione,
409 2649 503 2717 aienti
522 2650 562 2717 fit
580 2649 612 2716 in
630 2652 789 2739 nonnuliis
813 2653 1044 2733 adieetivorum
1071 2663 1106 2723 ot

54 2781 352 2851 nontinumsorrnis.
378 2776 608 2874 Inadrepbiis‚
623 2802 722 2867 qurum
744 2781 866 2863 omnia,
890 2804 1030 2870 quaeex
1045 2774 1104 2849 no³³
1192 2873 1196 2882 .

52 2911 190 2978 minibus
204 2919 237 2977 et
250 2907 357 2977 verbis
370 2907 565 2993 formantur,
585 2908 639 2976 bio
654 2911 773 2977 afferre
786 2931 851 2975 non
864 2908 1030 2990 attineret,
1053 2906 1113 2977 iai*x
1126 2894 1131 2911 ⁷

53 3061 114 3127 qne
126 3037 300 3128 negotium
310 3034 422 3104 iesiois
439 3035 684 3125 relinquendum
705 3045 806 3118 esset,
827 3035 998 3104 difficultas
1017 3036 1105 3107 baud

52 3188 153 3259 parra
166 3166 203 3233 in
215 3149 314 3232 dnbio
330 3163 458 3231 delectu
477 3162 704 3245 obiciebatur,
728 3174 907 3253 neopum,
927 3140 981 3230 nie
995 3163 1032 3229 in
1042 3162 1105 3233 hoo¹
1219 3157 1228 3165 ”

52 3314 87 3361 re
101 3291 371 3383 approbationem
384 3290 526 3357 omnium
540 3301 787 3379 assequutnrnm
803 3314 884 3358 esse.
905 3291 1005 3380 Eregi
1020 3291 1105 3365 enim

54 3418 253 3489 otiilustrari
270 3441 310 3486 ea
324 3419 429 3485 solum
450 3417 619 3500 adverbia,
638 3419 753 3507 quibus
769 3418 909 3507 aliquam
922 3419 1102 3510 proprieta-

55 3556 119 3614 tem
140 3556 330 3637 competere
351 3545 499 3613 videbam
515 3545 863 3636 inconiungeudiset
882 3538 1105 3614 construendis

52 3674 177 3758 verbis,
197 3684 233 3742 et
249 3675 284 3741 in
300 3674 415 3762 quibua
436 3674 630 3763 significatio
654 3683 710 3740 aut
730 3672 971 3742 construetione
989 3675 1105 3741 verbo·

53 3825 125 3871 rum
145 3804 307 3883 mutatur,
322 3810 391 3871 'aut
409 3802 621 3901 grammatino
643 3800 774 3869 ‘ratione
794 3799 1004 3870 constituitur.
1044 3770 1117 3868 'Ita'

54 3931 148 4003 omisi
171 3929 364 4009 metim,
385 3930 525 4008 aeriter,
548 3938 664 4015 aegre,
695 3928 820 4018 aliaque
847 3926 942 3996 huius
965 3927 1106 4018 generis.
