2618 4770
134 300 199 375 852
626 296 699 362 AN.

237 457 280 507 lta
296 452 480 523 explicandum
496 450 552 505 cic.
571 450 606 505 dc
630 453 688 503 Fla.
707 448 742 515 2,
764 448 816 515 2⁷,
835 448 880 509 88.
898 470 940 507 aa
956 448 1049 509 dolor
1066 452 1187 527 longasi·

205 540 402 613 unusquisque
418 542 602 601 miserrimas,
618 535 796 607 voluptatem
818 556 874 592 non
895 536 1109 609 optabiliorem
1133 539 1186 595 tta

204 631 326 681 tamitas
335 622 475 695 facilli.
492 642 516 677 e.
535 640 569 673 an
587 622 749 675 concedetur
764 622 884 675 dolorem
899 624 1092 693 longissimum
1101 616 1185 695 quecu-

203 733 255 784 qae
273 730 331 765 esso
347 708 536 770 miserrimum,
566 725 620 760 non
636 719 724 760 auton
741 708 902 761 concedatur
916 708 1130 765 diuturnitatem
1146 710 1183 763 iu·

202 818 262 851 cere
280 798 438 864 voluptatem
458 792 664 861 optabiliorem?

216 903 323 997 Atque
341 919 384 961 ex
400 896 452 960 his
477 890 567 981 ipsis
583 894 746 982 exemplis
772 893 957 981 colligitur,
986 882 1031 961 in¹
1046 896 1179 963 secunda

133 997 314 1053 sententiae
330 991 424 1068 parte
439 981 637 1069 plerumque
654 981 738 1070 poni
754 978 907 1045 futurum
924 980 979 1049 vel
994 982 1177 1047 coniuncti-

73 1132 78 1141 ,
133 1096 231 1141 vum:
252 1071 350 1135 etiam
367 1066 563 1152 interposita
581 1065 797 1137 conditionali
812 1068 985 1145 sententia.
1018 1068 1104 1135 Plin.
1119 1068 1172 1156 Ep.

134 1166 173 1233 1,
198 1158 308 1238 16,.8.
328 1152 540 1241 nequeenim
565 1140 664 1217 lebet
686 1149 842 1237 operibns
864 1152 937 1217 eius
959 1150 1078 1219 messe
1097 1154 1172 1243 qual

134 1243 226 1309 vivit.
268 1239 343 1319 Aa,
363 1239 395 1303 si
409 1239 499 1302 inter
518 1260 591 1316 eos,
612 1260 692 1325 quos
708 1259 893 1326 numquam
916 1234 1086 1315 aldinus,
1105 1238 1168 1329 sto-

33 1404 38 1413 ·
131 1329 275 1399 ruisset,
291 1346 360 1389 non
378 1323 488 1387 solim
504 1321 609 1387 libros
624 1319 716 1404 eius,
748 1322 988 1387 verumetiam
1008 1324 1166 1413 inagna

131 1413 419 1501 conquireremus.-
442 1408 594 1472 eiusdem
606 1431 697 1473 nunc
712 1408 822 1471 ltonor
831 1408 1031 1493 praeseutia
1046 1420 1081 1475 et
1090 1432 1163 1499 gra·

131 1502 187 1567 tia
223 1498 302 1562 uasi
316 1496 479 1559 satietate
502 1492 726 1580 languescet?
747 1493 803 1557 ubi
818 1494 1043 1581 Heusingerus
1056 1496 1161 1583 proba·

131 1588 178 1653 vit
240 1581 409 1671 agnoscit.
452 1576 650 1645 indicativus
679 1580 860 1667 praesentis
882 1578 1006 1665 legitur
1026 1580 1063 1645 in
1084 1582 1161 1646 rosti-
1192 1632 1195 1647 .

131 1681 205 1736 tuto
228 1670 307 1735 loco
331 1666 400 1730 Cic.
425 1688 462 1756 p,
479 1666 587 1729 Plane.
616 1669 676 1745 20,
700 1664 752 1728 49.
774 1672 822 1729 an
846 1666 989 1729 tandem
1008 1686 1079 1731 una
1098 1690 1158 1731 cen·

130 1756 227 1824 turia
239 1756 491 1840 praerogativa
512 1762 649 1815 tantum
666 1748 769 1813 laedet
788 1750 1034 1833 auctoritatis,
1062 1762 1100 1815 ut
1114 1776 1158 1817 na·
1185 1778 1189 1799 =

129 1866 186 1909 mo
203 1860 365 1926 amariam
377 1837 478 1935 prior
493 1858 571 1899 eam
586 1835 713 1915 tulerit,
729 1835 808 1921 quin
826 1836 1046 1901 renuntiatus
1057 1838 1101 1903 sit
1113 1848 1157 1901 aul

131 1932 177 1995 iia
192 1926 277 2011 ipsis
294 1922 441 1987 comitiis
457 1920 584 1994 consul,
594 1932 656 1984 ant
671 1933 761 1985 certe
777 1919 815 1984 in
829 1920 928 1983 illum
943 1944 1093 1987 atinum:
1109 1946 1155 1987 ae·

1190 1737 1195 1781 l

1192 1810 1195 1849 1

13 2078 17 2088 ,
130 2014 237 2093 clilem
264 2020 303 2073 ta
324 2005 508 2072 Plancium
525 2002 662 2091 factum
684 2002 826 2069 miraris
840 2004 908 2069 —-?
946 2004 1032 2072 Plin.
1058 2007 1115 2095 Ep.
1133 2011 1155 2085 l,

132 2107 191 2179 12,
210 2102 241 2160 3.
264 2116 330 2173 an,
351 2093 383 2156 si
401 2090 516 2155 litibus
531 2102 677 2170 tereret,
708 2090 906 2155 obstrictam
931 2114 1003 2157 ease
1029 2115 1081 2157 me
1099 2116 1154 2157 cre·

129 2186 246 2251 dorem
260 2178 397 2244 obeunti
413 2176 613 2239 vadimonia
629 2197 727 2240 mea.-
747 2194 856 2256 nunc,
880 2177 963 2263 qaia
979 2178 1067 2243 mili
1079 2200 1154 2243 emat

130 2265 325 2355 negotium,
349 2260 459 2326 omnis
475 2262 512 2324 in
526 2260 651 2327 studiis
666 2284 770 2343 cura,
795 2262 908 2326 minas
927 2260 1153 2351 obligortanta
1179 2259 1184 2277 ¹

128 2352 314 2421 socialitate
329 2344 539 2413 celebranti?

212 2458 396 2547 Madvigius
429 2480 464 2544 p.
486 2457 538 2521 44.
564 2453 649 2522 hanc
681 2453 861 2524 dictionem
886 2456 932 2523 ait
953 2458 1153 2524 interdumia
1192 2470 1196 2523 i

130 2544 334 2612 anacoluthis
348 2540 512 2630 usurpari.
565 2543 631 2607 Sed
648 2542 704 2608 ubi
728 2565 830 2610 unam
845 2555 977 2609 tantum
992 2568 1064 2611 rcm
1080 2566 1154 2609 com·
1193 2558 1196 2581 ¹

126 2632 285 2721 plectitur
301 2630 535 2713 interrogatio,
567 2651 605 2693 ea
626 2629 661 2692 in
681 2652 715 2693 se
729 2629 868 2711 sufficit,
899 2632 994 2695 etin
1018 2628 1153 2719 exemplis
1194 2624 1196 2631 ’

128 2717 235 2783 allatis
261 2715 344 2780 nihil
370 2715 587 2794 desideratur,
622 2711 686 2777 nisi
715 2716 807 2799 quod
839 2715 874 2778 in
899 2732 1104 2803 quacumque
1126 2714 1155 2777 ls
1194 2736 1197 2741 ·

129 2802 303 2869 contraria.
336 2801 497 2865 sententia
533 2798 682 2863 instituta
712 2800 973 2887 interrogatione
1005 2825 1045 2866 co
1070 2802 1156 2865 itatar.
1190 2834 1194 2839 ·

129 2890 197 2955 Cic.
222 2889 322 2952 Tusc.
351 2888 391 2966 5,
420 2891 482 2965 26,
510 2884 562 2949 73.
591 2907 639 2948 an
661 2882 814 2969 Epicuro
835 2920 880 2936 -
903 2888 1017 2952 dicere
1042 2824 1158 2951 iicebit?

126 2976 205 3041 Non
221 2970 408 3037 addendum
426 2981 512 3035 crati
538 2969 662 3033 Stoicis
677 2994 745 3033 non
763 2968 856 3035 illem
879 2970 1065 3036 dicendum
1088 2964 1159 3036 crit?

126 3059 221 3125 sicuti
236 3055 381 3143 Philipp.
406 3063 442 3129 1,
467 3062 504 3132 7,
527 3059 577 3117 17.
598 3078 662 3129 an,
696 3055 728 3117 si
753 3058 809 3120 cai
830 3057 913 3143 quid
935 3057 994 3122 ille
1002 3056 1160 3144 promisit,

126 3145 166 3213 id
182 3144 247 3209 erit
259 3139 393 3228 florian.l
410 3162 482 3203 non
500 3137 753 3203 desiderabimus
767 3142 864 3206 verba
876 3140 970 3229 leges
987 3145 1059 3208 eius
1076 3153 1161 3207 ratae

126 3224 335 3297 nonerunt?
360 3226 452 3306 Quae
474 3232 604 3312 praeter
617 3224 678 3287 ista
699 3228 836 3309 cogitari
852 3228 1003 3313 possint,
1029 3227 1164 3293 velutiin

127 3318 204 3385 albo
221 3336 292 3378 non
309 3312 459 3399 nigrum,
489 3309 572 3373 nihil
596 3311 710 3374 attinet
736 3313 775 3376 ad
801 3314 1054 3398 grammaticum
1079 3334 1165 3401 argu·

125 3409 295 3468 mentum:
336 3400 371 3462 in
399 3418 466 3482 quo
496 3393 619 3459 suflicit
651 3398 917 3464 animadvertisse
947 3422 996 3465 an
1030 3422 1102 3465 esse
1128 3420 1167 3463 aa

125 3498 258 3556 contra.

211 3599 262 3659 13.
299 3588 467 3657 Praecedit
492 3610 590 3677 saepe
615 3586 675 3653 alia
705 3586 948 3677 interrogatio,
979 3615 1065 3683 qua,
1098 3592 1170 3687 quid

125 3680 177 3745 vcl
198 3701 256 3742 cur
272 3679 379 3765 aliqua
402 3699 454 3740 res
478 3675 538 3751 sit,
560 3674 737 3761 quaeritur.
775 3675 876 3755 *Tunc
894 3679 1006 3762 posito
1027 3704 1077 3745 an
1097 3680 1170 3744 adii-

126 3768 210 3829 citur
224 3785 285 3850 per
310 3763 535 3826 coniecturam
558 3771 614 3824 aiat
637 3759 740 3823 aliena
759 3770 792 3824 ct
816 3763 982 3829 contraria
1003 3767 1172 3845 sententia,

125 3862 181 3917 aut
199 3850 269 3913 aliis
288 3848 428 3927 caussis,
462 3867 545 3930 quac
569 3866 640 3908 non
663 3857 894 3933 exponuntur,
926 3848 989 3915 alia
1014 3853 1172 3937 quaedam

126 3943 355 4024 opponuntur.
398 3933 469 3997 Nos
486 3931 623 3994 dicimus
643 3930 736 3994 oder.

225 4055 331 4105 Terent.
352 4053 419 4107 Eun.
443 4050 476 4116 5,
496 4051 531 4115 6,
557 4048 600 4105 16.
620 4049 687 4121 qaid
696 4049 810 4111 dixisti,
829 4052 984 4120 pessuma?
1003 4071 1042 4107 an
1058 4057 1172 4109 mentita

193 4139 245 4193 as?
273 4136 358 4191 Plaut.
387 4139 476 4208 Amph.
503 4137 536 4203 2,
563 4135 597 4199 2,
621 4133 663 4187 57.
691 4134 740 4192 secl
765 4135 904 4210 quillus
923 4143 1100 4197 revortimini
1117 4150 1174 4195 tan
