2618 4770
585 318 656 406 nnss
847 406 851 410 ,
1020 337 1025 349 ‘
1059 349 1128 411 ν115

150 496 176 549 4.
191 493 380 572 festinemus,
399 504 427 550 et
445 512 516 567 opus
532 499 624 551 nescio
647 513 685 547 an
707 491 881 564 superabile,
900 513 1031 568 magnum
1048 509 1127 563 certe,
1164 559 1165 562 Ἴ

150 585 334 638 siue-aetneis
356 585 534 636 excusatione
555 590 710 633 tractemus.
733 578 778 630 ubi
797 580 930 649 Spalding.
956 585 1071 636 coniecit
1089 589 1130 638 iu-
1160 570 1163 582 ¹

150 667 330 740 superabile.¹
349 668 408 720 Vel.
428 669 497 719 Max.
513 665 547 727 3,
566 664 600 731 6,
619 666 643 717 1.
661 684 709 721 nec
734 662 786 717 hac
808 682 837 717 re
857 671 996 736 segniores
1019 674 1129 740 punicis
1200 699 1206 713 =

139 752 317 820 ⁴exercitibus
344 769 441 813 manus
470 748 580 815 intulit,
615 749 666 804 secl
694 753 787 803 nescio
811 768 858 801 au'
876 749 939 804 ideo
970 752 1128 820 alacriores,

152 843 219 910 quia
237 849 339 910 vegeta
361 852 388 891 et
407 846 518 889 strenua
543 837 655 907 ingenia
685 852 739 907 quo
766 836 834 906 plus
858 834 978 888 recessus
1006 850 1129 903 srrnnrut,

151 924 205 978 lenc
223 922 441 977 veheazenciores
460 921 579 991 impetus
603 919 697 974 edunt.
731 919 764 982 9,
782 919 818 983 3,
836 919 861 972 1.
880 919 929 972 sed
953 924 1063 987 nescia,
1093 937 1135 977 an'
1172 963 1173 967 ,

152 1008 275 1063 eiusdem
296 1003 391 1078 suerit
412 1004 464 1058 lroc
486 1005 575 1068 elicere
595 1013 624 1056 et
643 1005 682 1056 sic
700 1005 820 1057 vincere«
850 1005 978 1068 Quinctil.
1001 1007 1033 1072 6,
1050 1007 1084 1073 3,
1103 1008 1131 1061 6.
1244 987 1246 1000 Ι

122 1122 126 1128 .
156 1106 215 1148 tum
239 1097 322 1147 uaria
338 1091 479 1145 lominum
501 1089 606 1143 iudicia
624 1092 652 1144 in
671 1105 721 1153 eo,
737 1088 811 1160 quod
828 1108 884 1141 non
899 1096 1010 1165 ratione
1025 1093 1131 1167 aliqua,

144 1181 207 1234 'secl
236 1190 313 1232 motu
339 1180 426 1229 animi
453 1175 589 1248 quodam,
615 1176 705 1226 nescio
730 1193 767 1226 au
794 1175 961 1241 enarrabili,
984 1178 1147 1236 iudicatum·

160 1266 298 1336 Spalding.
316 1272 416 1313 temere
432 1270 516 1311 mutat
535 1256 722 1312 inenarrabili.
739 1259 804 1309 Plin.
824 1260 872 1327 Ep.
888 1259 914 1328 7,
934 1263 1029 1328 19‚·4,
1049 1266 1136 1320 doleo

155 1355 228 1414 euim
255 1351 405 1402 maximam
429 1342 568 1413 feminam
593 1346 664 1412 eripi
697 1341 785 1394 oculis
809 1346 950 1412 civitatis,
981 1354 1073 1405 nescio
1096 1371 1135 1415 on

157 1435 267 1508 aliquid
291 1432 382 1487 simile
408 1430 517 1484 visuris.
552 1426 657 1480 Fronto
679 1427 712 1478 ad
730 1429 825 1479 anton.
852 1425 931 1492 4,·3.
955 1451 981 1499 p.
1000 1432 1043 1484 96.
1075 1436 1134 1488 Alia

155 1521 206 1574 rid.
221 1540 248 1589 p.
265 1515 325 1572 305.
344 1536 410 1588 qnae
428 1535 473 1568 cnr
494 1511 607 1582 plurima
630 1512 658 1562 in
683 1512 858 1563 recentiorum
881 1515 1038 1583 scriptorum
1056 1519 1133 1571 libris

156 1605 337 1675 reperiantur,
356 1620 446 1655 caussa
463 1601 515 1651 iarn
529 1597 647 1665 exposita
670 1607 718 1647 est.
752 1598 809 1647 Hoc
824 1616 901 1648 sensu
921 1602 1027 1652 verbum
1041 1608 1144 1659 nescio·

117 1690 123 1696 ’
156 1695 213 1744 fere
232 1707 333 1757 semper
349 1686 491 1756 postponi,
511 1683 582 1753 qnod
601 1682 749 1733 observavit
768 1682 875 1734 Beierns
890 1703 922 1759 p..
936 1683 996 1737 337.
1013 1686 1042 1736 id
1057 1690 1133 1756 equi-

113 1798 117 1806 ·
157 1774 216 1826 ‘dem
241 1791 295 1825 non
320 1771 441 1839 cognovi.
477 1769 531 1820 Cio.
556 1763 697 1831 Acnd.,‘2‚'
718 1765 895 1831 4⁰,12nae
918 1767 1135 1838 exaedificatam

160 1853 269 1936 periclem
286 1856 357 1910 huuc
377 1853 508 1907 mundum
533 1852 628 1904 divino
648 1846 766 1906 consilio
784 1854 932 1907 existimo:
958 1865 1040 1926 atque
1060 1857 1136 1910 hand

156 1951 230 2010 scio,
248 1965 285 1997 aa
306 1949 348 1998 ita
369 1945 415 1993 sit.
436 1939 594 2008 quae‘huins
611 1938 714 2005 generis
739 1949 842 2004 essent,
871 1941 894 1990 si
917 1941 1024 2008 probari
1046 1954 1137 2011 posset

162 2021 302 2084 Goerenzii
317 2026 476 2094 explicatio:
501 2041 535 2075 ne
552 2023 603 2074 hoc
624 2022 728 2091 quidem
747 2041 836 2074 verum
863 2025 998 2077 existimo:
1024 2029 1065 2080 vel
1081 2044 1135 2097 po-

125 2126 127 2130 “
161 2117 211 2168 tius
230 2114 337 2175 nescio,
356 2111 445 2162 nnita
461 2110 505 2161 sit.
541 2108 634 2160 onero
650 2118 735 2161 autem
759 2127 792 2161 ex
807 2127 854 2160 sno
870 2111 1136 2183 moredicit:·atque

162 2219 189 2255 oe
205 2217 268 2253 vera
281 2199 320 2248 ita
335 2217 390 2250 esse
404 2197 528 2248 videtur.

192 2309 401 2363 Affirmationem
426 2307 480 2358 sive
509 2306 724 2374 approbationem
753 2305 901 2372 significant
919 2309 987 2361 cic.
1012 2311 1046 2362 ad
1064 2281 1138 2366 Fani.
1226 2362 1232 2371 ,
1291 2370 1294 2383 ‚

163 2396 205 2459 13,
217 2396 242 2461 1,
253 2389 405 2456 13.nesci0,
424 2411 460 2444 an
480 2386 677 2461 ignoscendum
694 2393 733 2443 sit
751 2388 829 2456 huic,
845 2395 870 2444 si
889 2403 1034 2467 tantopere
1062 2397 1143 2451 labo-²
1176 2397 1177 2400 ’

132 2503 135 2510 ·
161 2494 217 2535 rat.
243 2480 314 2550 qnod
338 2488 379 2530 est
402 2470 523 2546 proprie}
551 2475 656 2536 nescio,
673 2483 792 2526 utrumne
813 2494 866 2528 non
880 2478 1083 2547 ignoscendum,
1106 2502 1140 2534 an

128 2567 132 2576 '
158 2569 265 2638 potins,
298 2585 319 2617 s.
339 2581 372 2614 an
396 2571 490 2612 contra
512 2559 700 2627 ignoscendum
723 2561 769 2610 sit.
803 2561 838 2625 9,
863 2561 911 2628 18,
940 2561 966 2614 4,
990 2575 1141 2620 ,nmmum
1191 2580 1203 2602 ι

134 2696 136 2700 ψ
160 2651 236 2708 illud
250 2661 311 2715 est,
332 2646 408 2719 orrocl
438 2657 468 2697 tu
492 2647 583 2698 nescio
609 2649 783 2715 caprimum
806 2659 895 2717 putes.
925 2650 1030 2701 Terent.
1045 2653 1141 2708 Heaut.

161 2735 247 2804 5,-2,
265 2735 308 2786 46.
327 2734 411 2804 etiam
428 2728 593 2806 hausseio,
611 2749 682 2783 anne
702 2739 816 2784 uxorem
833 2731 931 2796 ducat,
957 2752 991 2785 ac
1001 2735 1083 2806 'Syro
1100 2739 1141 2790 ni.

160 2819 204 2874 ait
219 2823 338 2892 gratiae.
611 2817 613 2823 '
970 2836 972 2839 ·

167 2941 170 2948 ·
196 2925 347 2986 Transitus,
370 2939 422 2990 qno
437 2939 453 2972 a
466 2920 607 2987 negatione
621 2919 654 2971 ad
672 2919 873 2971 affirmationem
894 2919 1070 2989 deflectimus,
1090 2944 1140 2994 ap-

162 3020 238 3078 paret
253 3008 407 3077 praesertim
430 3007 458 3056 in
485 3006 535 3073 iis,
555 3004 647 3073 quibus
665 3005 764 3074 aliquid
791 3015 863 3056 certe
882 3005 1038 3058 affirmatum
1061 3010 1141 3061 addi--

162 3105 221 3157 tur,
239 3088 320 3144 veluti
337 3092 403 3143 Plio.
419 3092 467 3159 Ep.
482 3089 516 3154 8,
540 3089 591 3154 14,
608 3088 651 3141 24.
676 3094 769 3144 nescio
795 3109 832 3142 an
854 3092 926 3158 iure,
957 3096 1027 3148 certe
1048 3099 1142 3164 aequi·

164 3187 225 3231 tate
240 3174 444 3244 postulationis
459 3195 535 3228 meae
550 3176 640 3228 victus
655 3204 689 3216 -
703 3175 817 3228 accessit
832 3174 975 3246 relegenti.
994 3188 1021 3229 et
1039 3181 1143 3248 Apulei.

164 3265 227 3314 Met.
244 3260 269 3311 7.
286 3280 310 3329 p.
328 3258 394 3324 196,
413 3257 456 3311 32.
470 3255 611 3328 fortunae
628 3271 712 3312 nutus
736 3258 871 3326 hilarior,
897 3267 988 3318 nescio
1006 3285 1043 3317 aa
1056 3261 1141 3335 sucu.

165 3350 204 3401 ris
219 3342 350 3417 periculis
372 3364 415 3396 me
432 3363 588 3411 reservans,
617 3359 688 3398 certe
708 3335 853 3415 praesente
875 3357 1034 3421 statutaque
1055 3361 1143 3417 nrorte
1197 3401 1198 3404 ,

166 3431 292 3491 liberans.
330 3429 407 3479 Cuius
424 3429 526 3495 generis
542 3429 620 3479 etiam
642 3447 672 3481 ea
695 3440 770 3493 sunt,
798 3447 863 3497 qnae
890 3434 1000 3483 formam
1023 3434 1141 3484 interro-

164 3516 278 3584 gationis
297 3513 416 3565 indnnnt.
452 3513 545 3579 virgil.
562 3517 627 3567 Aen.
644 3514 675 3575 1,
694 3513 755 3566 828.
774 3513 859 3568 οἰΙεα
878 3527 966 3569 certes
983 3537 1020 3569 an
1039 3517 1143 3572 Phoebi
1202 3534 1205 3544 ¹

165 3620 261 3665 soror,
283 3620 320 3653 aa
340 3596 539 3668 Nympharum
557 3594 701 3668 sanguinis
716 3600 794 3649 nna?
813 3601 889 3661 Quod
903 3602 952 3653 viri
974 3601 1046 3652 do'cti
1058 3603 1081 3653 si
1094 3621 1142 3654 ac-

166 3685 283 3736 curatius
308 3685 525 3751 perpendissent,
558 3699 612 3733 non
637 3693 774 3751 tantopere
797 3684 959 3737 dubitassent
982 3686 1015 3737 de
1040 3689 1141 3739 consti-

166 3760 265 3820 tuendo
283 3769 343 3819 loco
365 3769 431 3819 Plin.
447 3770 495 3836 Ep.
512 3768 545 3832 2,
562 3767 612 3832 12,
630 3767 654 3820 1.
676 3763 847 3837 λειτούργιον
864 3770 938 3822 illud
952 3798 985 3812 -
1000 3776 1090 3826 nescio
1105 3793 1143 3826 an

131 3902 136 3909 ,
167 3856 255 3913 satis,
274 3850 466 3906 circumcisura
484 3864 575 3906 tamen
592 3864 620 3906 et
641 3851 843 3906 abrasum-esc.
870 3855 903 3904 de
928 3856 1147 3925 quo'disputavit,

133 3993 139 4019 s.
166 3937 336 4006 Kreyssigius
353 3939 380 3989 in
394 3940 464 3991 Diss.
487 3938 519 3988 de
542 3936 633 3988 codice
648 3939 713 3989 Plin.
727 3940 796 4007 Lips.
813 3937 889 3989 1812.
908 3940 978 3990 edita
992 3960 1018 4009 p.
1033 3941 1076 3994 21.

186 4055 217 4118 4.
249 4055 503 4141 Ambiguitatem
525 4055 560 4118 in
582 4054 633 4118 his
659 4055 862 4120 ostendamus
884 4056 1067 4139 interdum,
1082 4080 1143 4124 ne-

109 4161 189 4206 cesse
205 4140 278 4207 erit.
323 4141 376 4205 Sic
393 4142 480 4231 apud
495 4139 707 4225 'serentium
728 4161 830 4228 quum
847 4139 964 4208 dicitur
984 4144 1085 4212 Andr.
1110 4150 1142 4222 3,
