2618 4770
526 98 531 133 l

456 400 457 405 Ν
540 301 640 367 arr.
822 266 823 275 ‘
1043 303 1106 379 aas

60 521 63 525 ,
127 442 219 528 thies,
237 461 313 535 qrrod
333 464 411 515 istus.
423 477 488 512 raam
510 467 664 511 monstrum
676 452 753 528 fuit.
773 459 922 525 incredulus
940 457 1049 511 miratur
1066 477 1106 526 ea,

126 567 193 618 quae
209 541 314 619 Pythias
332 547 449 596 dixerat:
472 542 500 598 tt
518 541 666 596 bewalrrel
684 545 777 598 Heaut.
797 544 829 612 5,
846 543 880 610 3)
898 543 940 597 13.
967 547 1013 596 011.
1036 545 1107 599 Con·

121 630 224 703 silere.
245 636 290 684 So.
301 629 476 705 Auobseero.
490 629 867 711 istuenoatrisinimicissiet.
886 631 1037 682 admiratur
1049 647 1107 682 cum
1200 635 1202 640 '

128 736 218 770 severa
233 718 428 790 indignatione,
444 715 576 784 quomodo
596 715 719 765 Chremes
738 714 788 764 sibi
807 714 934 784 imputare
956 717 1056 784 possit,
1078 724 1108 764 ut
1141 727 1144 733 ’

128 804 302 866 confiteatur,
320 803 496 871 Clitiphonem
513 817 565 852 non
588 798 669 848 filium
684 812 759 863 suum
776 817 841 851 esse.
876 802 942 850 Euri.
960 799 992 863 4,
1009 793 1044 862 4,
1063 797 1106 852 13.
1202 838 1206 859 ,

127 889 177 941 Ad.
202 887 237 953 3,
260 888 291 950 2,
318 886 365 952 38.Ι
382 906 435 948 arr,
464 905 519 948 au,
544 887 582 940 mi
604 883 704 950 homo,
727 884 878 938 sanuses?
899 885 1022 935 Afranius
1039 882 1108 952 apud

128 959 276 1025 Charisium
302 992 329 1041 p.
349 970 409 1026 214.
429 990 483 1031 au,
514 973 553 1023 mi
576 967 677 1033 home,
706 973 788 1023 immo
814 968 988 1039 edepolvae
1015 988 1112 1044 supra,

49 1108 52 1117 ,
128 1077 203 1121 nrum
232 1075 320 1110 meum
346 1053 540 1109 concelebratis
565 1052 648 1109 diem·
681 1056 788 1106 Terent.
812 1051 878 1104 Eun.
898 1053 931 1117 ⁵,
950 1055 983 1118 2,
1001 1053 1043 1105 60.
1059 1075 1107 1117 au,

130 1156 206 1208 tace,
236 1141 357 1195 obsecro.
392 1135 495 1191 Phorm.
521 1126 554 1202 5,
581 1139 611 1204 1,
633 1138 676 1189 27.
702 1137 735 1204 5,
760 1137 794 1203 3,
822 1139 865 1189 20.
893 1138 999 1204 Bhorm.
1023 1137 1054 1202 5,
1080 1136 1107 1201 3,

128 1229 172 1283 ΞΟ.
207 1229 373 1280 Nausistrata
389 1243 468 1292 quum
484 1223 580 1274 acerba
596 1223 768 1299 Demiphonis
791 1225 870 1274 verba
889 1221 1008 1277 delirass
1032 1227 1109 1293 satin
1131 1214 1141 1291 ,¹

128 1331 213 1365 sanes
232 1312 280 1364 es?
299 1312 449 1373 audivisset,
467 1309 613 1376 interponit
630 1309 711 1360 haec:
731 1306 768 1360 ad
783 1305 914 1374 obsecro:
931 1324 1006 1373 cave,
1026 1327 1060 1362 ne
1079 1312 1110 1363 in
1181 1363 1188 1387 ἵ

47 1444 50 1448 ,
130 1407 280 1468 cognatam
305 1413 408 1465 pecces.
432 1395 451 1444 i.
469 1413 492 1445 e.
515 1394 566 1444 hoc
594 1394 702 1444 nimium
729 1403 784 1459 est:
805 1410 838 1443 ne
861 1393 899 1442 ita
926 1394 1043 1461 loquere.
1074 1395 1109 1455 ,In
1170 1446 1173 1451 ,
1283 1390 1286 1397 ’

1285 1476 1288 1493 ι

129 1484 211 1533 Andr.
232 1481 264 1544 4,
280 1479 313 1546 4,
334 1481 374 1531 12.
397 1464 451 1530 nob
463 1497 533 1550 ‚opus
554 1489 594 1530 est
609 1479 788 1546 intelligamus
800 1478 892 1546 Mysia
909 1495 925 1528 a
940 1480 1012 1536 Davo
1030 1497 1109 1531 manu

129 1578 259 1636 arreptam
280 1584 353 1630 esse,
378 1565 425 1615 sed
441 1564 488 1614 illa
510 1565 612 1615 recedit
631 1565 717 1622 verbis
738 1573 843 1614 strenue
863 1565 1048 1631 pronuntiatis,
1067 1564 1108 1618 dr·-

130 1664 207 1706 ctura
225 1671 253 1705 es
272 1650 456 1721 quod-rogo?
475 1660 502 1701 et
521 1651 665 1701 admiratur
682 1645 749 1700 Davi
767 1648 963 1716 impudentiam.

164 1757 251 1808 Dubia
270 1763 311 1806 est
329 1753 458 1822 scriptura
474 1756 501 1804 in
517 1736 562 1805 'his
578 1755 661 1806 loeis:
681 1753 763 1804 Pl'ant.
782 1753 857 1804 Cure.
874 1750 907 1814 4,
925 1752 959 1815 2,
975 1750 1019 1803 26.
1036 1751 1108 1804 Men.

130 1839 261 1905 2,1‚3.
292 1839 399 1904 Mitt,
420 1838 516 1901 &62³
540 1837 685 1905 4,8‚47.
721 1841 828 1889 Terenti
844 1830 927 1890 Andr.
950 1834 983 1898 4,
1006 1832 1040 1900 4,
1066 1833 1114 1903 42.
1161 1814 1171 1914 ἰ

130 1928 196 1977 Eun.
213 1922 247 1988 4,
265 1922 297 1989 6,
314 1917 356 1978 20.
400 1923 432 1976 ln
448 1927 555 1981 Patron:
571 1922 614 1975 67.
634 1924 738 1975 variant
754 1923 831 1974 libri:
857 1922 904 1973 sed
928 1921 950 1973 si
973 1930 1045 1989 recte
1065 1921 1111 1977 le··,

130 2013 202 2080 gitur
219 2030 270 2074 au,
292 2030 346 2070 au,
375 2012 521 2062 Fortunata
544 2026 600 2060 non
624 2008 743 2060 dolorem
767 2006 990 2060 vehementiorem
1009 2006 1110 2074 signifi·
1139 1994 1143 1999 .
1198 2030 1201 2036 ·

131 2107 192 2161 cat,
209 2105 238 2146 ut
254 2097 401 2146 Burmanno
418 2095 539 2162 videtur,
564 2094 612 2148 sed
636 2105 766 2164 repugnat
789 2084 934 2156 temeritati
958 2093 1110 2162 Habinnaet

131 2197 180 2232 nos
201 2177 230 2234 it
246 2178 300 2250 gela
315 2179 408 2234 doct!

991 2346 995 2352 ,
1006 2308 1015 2345 t

468 2389 472 2400 “
513 2360 658 2457 AVT.

148 2512 224 2578 AVT
241 2534 258 2576 e
273 2505 395 2600 punico
411 2512 573 2579 vocabulo
599 2538 645 2578 au
668 2513 795 2579 factum
820 2533 889 2579 esse
916 2510 1113 2602 opinabatur

64 2596 207 2682 Angelus
235 2599 421 2678 Caninius,
444 2622 484 2664 ex
509 2600 665 2664 hebraico
692 2610 733 2665 ata
752 2599 950 2665 Schellerus.
1003 2599 1112 2663 Nemo

65 2704 123 2747 eos
141 2684 276 2748 audivit.
314 2683 574 2751 Probabiliorem
595 2687 790 2749 sententiam
808 2685 978 2770 Scaligeri,
1000 2685 1114 2770 quide
1204 2730 1207 2737 -

66 2768 194 2831 Caussis
219 2769 275 2833 lat.
299 2769 380 2853 ling.
399 2768 498 2836 0522.
517 2795 534 2834 a
578 2764 674 2854 raeco
699 2764 770 2834 edre
791 2770 940 2848 deducit,
959 2770 965 2785 ’
988 2769 1115 2856 letique

66 2855 212 2940 amplexi
227 2866 314 2918 sunt.
357 2857 463 2941 Atque
480 2795 728 2921 Lindemannus
745 2855 786 2920 de
801 2854 943 2920 Adverb.
960 2792 1016 2918 lll.
1034 2879 1068 2942 p.
1080 2860 1113 2919 8.

64 2960 174 3026 nuper
196 2942 241 3004 ita
262 2940 455 3027 disputavit:
483 2953 566 3018 ‚mut
583 2954 761 3029 cognatum
784 2952 832 3005 est
855 2962 933 3018 ¹eum
956 2941 1114 3026 particula
1169 2951 1171 2957 ’

66 3036 194 3104 autem,
209 3026 454 3113 respondetque
472 3029 676 3092 Graecorum
692 3022 732 3091 ud
746 3039 778 3092 et
793 3021 875 3090 edre.
896 3028 1032 3113 Proprie
1047 3027 1113 3112 igi-

63 3121 118 3174 tur
134 3123 195 3175 etit
210 3123 242 3176 et
257 3123 371 3175 cratem
386 3112 547 3200 significat
569 3136 723 3192 rursum,
748 3114 889 3193 iterum,
912 3112 1001 3198 quod
1027 3135 1113 3198 quo-

63 3197 169 3261 modo
188 3196 361 3261 cohaereat
376 3220 452 3262 eum
472 3198 527 3263 illa
552 3200 744 3264 disiunctivu
768 3200 922 3277 notione,
953 3219 1035 3282 quae
1058 3199 1113 3262 in·

65 3291 114 3346 est
129 3282 305 3367 particulae
320 3295 391 3359 aut,
415 3294 448 3347 et
463 3284 518 3348 illa
535 3285 730 3372 oppositiva,
753 3306 850 3370 quam
869 3283 1113 3365 hebetantem,

66 3367 96 3430 ei
113 3388 182 3429 non
198 3368 321 3431 mirum
344 3369 527 3450 videbitur,
549 3372 605 3454 qui
627 3371 847 3457 reputaverit,
874 3369 1002 3456 quoties
1024 3369 1114 3432 Lati-

63 3473 189 3516 norum
213 3455 281 3517 rim
305 3453 423 3519 habeat
441 3457 680 3540 appositivam,
702 3457 831 3543 'quoties
852 3457 1055 3519 Graecorum
1073 3445 1114 3518 ud

65 3548 100 3601 et
115 3531 182 3600 d'ud
198 3561 262 3624 pro
281 3551 406 3614 autem,
428 3561 505 3604 aero
525 3536 660 3618 dicatur,
687 3551 719 3605 et
734 3545 938 3628 quantopere
956 3549 987 3602 et
1003 3537 1114 3605 forma
1141 3561 1152 3622 j

64 3634 98 3687 et
121 3625 453 3697 notioneconiuncta
484 3625 550 3688 sint
573 3628 817 3698 Germanorum
840 3623 969 3690 wieder
991 3635 1023 3689 et
1047 3626 1114 3690 evi-
1185 3676 1187 3699 2
1215 3667 1217 3671 .

65 3708 163 3773 der.“
205 3709 374 3775 Scheidius
390 3711 429 3776 ad
446 3712 568 3774 Sanetii
581 3712 664 3780 Min.
681 3718 716 3799 p'.
732 3716 806 3778 243.
822 3733 864 3779 ex
877 3731 1032 3796 perverse
1049 3711 1113 3775 do-

64 3795 172 3858 ctrina
190 3813 248 3859 sua
271 3791 341 3859 αὖτε
360 3797 536 3864 ablativum
551 3811 645 3863 vocat
651 3848 662 3882 ,
681 3800 733 3862 cui
751 3798 924 3882 desumpta
935 3795 981 3858 sit
997 3796 1113 3864 ultima

62 3879 190 3966 syllaba
204 3880 238 3944 in
256 3892 327 3944 aut.
371 3882 409 3948 ln
432 3881 483 3946 his
504 3883 651 3970 primum
669 3895 814 3948 autnon
831 3891 1113 3968 reetecompara-

63 3975 121 4055 tur
146 3986 221 4029 cum
245 3989 361 4053 graeca
382 3968 491 4032 forma
512 3961 610 4032 adesa
630 3993 666 4034 ea
690 3969 778 4032 enim
796 3967 980 4053 composita
998 3980 1047 4032 est
1070 3987 1113 4032 ex

63 4055 105 4117 αὐ
122 4062 154 4115 et
168 4052 214 4115 τὲε
235 4051 374 4116 latinum
396 4054 534 4118 verbum
560 4055 706 4119 additam
727 4052 825 4117 habet
845 4053 989 4116 litteram
1011 4075 1113 4140 para·.
1212 4118 1216 4125 ,

63 4138 217 4226 gogicam
233 4137 282 4222 T,
303 4138 509 4229 sicutiype'pe
526 4139 563 4209 fit
577 4142 704 4213 tremit.
742 4137 896 4209 conferri
913 4138 1013 4227 igitur
1028 4158 1129 4230 pos:
1211 4171 1214 4175 ·
