2618 4770
232 308 296 371 380
693 289 826 358 ANTE.
864 296 867 301 '

318 460 350 520 2.
381 451 468 516 Haeo
486 447 600 512 eadem
615 456 664 508 est
681 466 814 524 censen,
846 455 1058 533 quapropter
1087 455 1175 510 ante
1198 445 1236 510 de
1254 470 1281 514 re

236 545 306 611 aliis
321 535 540 628 praelerenda
559 543 591 597 et
607 533 648 596 de
662 532 862 618 praestantis
877 544 1078 619 usurpatum
1104 531 1197 595 uude
1212 534 1281 597 dici-

234 643 289 694 tur
307 637 388 691 aute
405 622 553 708 aliquem
575 640 646 681 esse
670 628 704 680 et
728 617 858 681 similia.
910 618 1029 682 Cicero
1059 637 1228 702 nusquam
1246 621 1278 684 its

232 717 391 800 loquutus
421 717 480 771 est.
530 704 594 768 Alii
624 703 706 767 adeo
734 714 816 768 ente
839 726 905 791 pro
936 704 1056 791 magis
1089 725 1198 789 quum
1226 727 1278 791 po.

233 806 381 866 suerunt.

336 916 439 968 Sallust.
460 908 537 960 Catil.
556 905 608 972 58,
626 905 652 960 8.
670 902 816 976 facundia
835 905 977 971 Graecos,
1004 906 1103 979 gloria
1124 904 1199 962 beili
1220 906 1275 963 Gal·

302 1003 346 1056 ios
365 1010 431 1052 ante
450 997 595 1049 Romanos
609 989 715 1063 fuisse.
751 993 796 1044 ubi
819 993 1005 1046 vidscortius.
1025 994 1085 1044 Liv-
1103 990 1160 1057 35,
1181 988 1274 1056 11,11.

300 1101 358 1138 tum
377 1103 419 1135 me
435 1098 501 1133 uero
520 1091 548 1132 et
565 1090 633 1133 ante
648 1077 849 1144 Alexandrum,
871 1087 899 1132 et
915 1086 981 1130 ante
1002 1076 1163 1148 Pyrrhum,
1182 1089 1210 1133 et
1224 1093 1274 1135 auo

300 1185 394 1223 omnes
413 1165 488 1219 aiios
507 1167 688 1236 imperatores
708 1181 776 1216 este.
811 1165 883 1215 Curt.
902 1162 935 1227 7,
953 1160 989 1227 ⁷,
1008 1162 1049 1219 10.
1069 1162 1121 1217 sed
1140 1167 1273 1219 necessitas

300 1270 367 1308 ante
383 1255 519 1304 rationem
540 1261 591 1303 est.
613 1251 658 1301 ubi
683 1248 737 1300 vut.
754 1250 867 1300 Loccen.
884 1247 918 1311 8,
934 1245 968 1310 7,
987 1246 1029 1300 18.
1048 1249 1076 1300 si
1092 1250 1158 1321 quis
1175 1249 1290 1307 deornm!

299 1350 365 1392 ante
387 1339 480 1390 lovem
501 1333 662 1396 baberetur,
676 1330 830 1403 fastidires
846 1335 932 1386 etiam
952 1334 1056 1385 iovem.
1091 1335 1161 1384 Stat.
1180 1336 1271 1395 silui,

302 1424 334 1486 6,
356 1421 399 1475 35.
419 1420 498 1474 illius
519 1439 588 1471 unus
606 1428 681 1472 'ante
701 1419 799 1483 decor,
826 1428 958 1488 quantum
975 1417 1127 1486 precedit.
1142 1417 1218 1483 cium
1232 1426 1270 1475 m·

299 1526 379 1563 nores
404 1505 471 1558 luna
485 1498 580 1571 faces.
615 1502 731 1556 luvenal.
748 1502 785 1568 8,
802 1503 845 1557 22.
862 1502 914 1556 bos
935 1515 1002 1557 anto
1019 1501 1134 1576 effigies
1150 1507 1270 1560 maium

297 1613 372 1668 pone
390 1603 509 1644 tuorum.

334 1696 428 1747 balbus
448 1694 476 1743 in
495 1691 550 1741 Cic.
568 1692 615 1758 Ep.
634 1691 668 1741 ad
684 1695 738 1743 Att.
757 1687 791 1756 8·,
811 1687 853 1742 15.
866 1708 946 1763 quem
963 1699 1030 1744 ante
1049 1709 1094 1745 me
1111 1684 1213 1765 diligo.
1232 1695 1267 1747 ci·

296 1798 419 1832 neronem
440 1777 584 1845 respiciens
602 1776 774 1829 Schwarteius
798 1777 899 1827 tirones
924 1776 1042 1843 monuit,
1069 1795 1104 1830 ne
1120 1779 1191 1831 huno
1208 1799 1268 1832 nsuu

299 1864 596 1917 temere'imitnrenturt
625 1862 697 1929 quod
718 1860 949 1929 reprehensionem
977 1862 1124 1915 Fuccioluti
1148 1874 1176 1916 et
1194 1868 1266 1918 Erne-

300 1951 344 1999 stii
364 1966 417 1999 non
436 1948 515 2014 capit.
550 1949 659 2014 Neque,
684 1965 760 2014 quem
776 1946 821 1998 hic
837 1944 944 2009 laudat,
965 1945 1073 1999 Plautus
1091 1949 1129 2000 itu
1148 1951 1201 2002 ullo
1216 1952 1265 2002 loco

228 2082 231 2087 .
297 2035 366 2086 dixit
383 2042 488 2102 praeter
514 2032 640 2081 formulas
666 2041 733 2083 ante
758 2027 848 2094 alios,
876 2040 941 2084 ante
969 2036 1073 2087 omnia.
1115 2036 1184 2087 Num
1208 2037 1263 2104 quod

296 2121 374 2187 vulgo
400 2117 497 2184 legitur
522 2117 609 2168 (insin.
634 2116 705 2169 Prol.
730 2114 756 2168 8.
785 2119 903 2187 antiqua
927 2132 1016 2185 opera
1043 2128 1072 2170 et
1096 2117 1181 2172 uerba
1196 2139 1263 2193 quon

295 2201 378 2256 uobis
395 2198 528 2270 placent,
546 2217 663 2271 aequom
679 2198 791 2269 placere
809 2212 852 2254 est
870 2211 1057 2255 amovemus
1070 2197 1201 2272 fabulas.
1220 2223 1261 2257 non

254 2314 258 2318 ‡
296 2304 348 2337 uno
366 2285 473 2336 nomine
494 2297 643 2353 suspectum
667 2286 778 2337 videtur.
822 2276 1049 2354 interpretantur:
1071 2289 1162 2357 prins,
1187 2291 1260 2358 magis,

295 2369 392 2439 potius.
425 2370 570 2420 Absurdam
596 2388 653 2422 esse
672 2370 739 2421 dicit
764 2370 873 2437 liotbius
892 2362 968 2423 hanc*
987 2373 1161 2431 renuntiem:
1185 2377 1258 2445 quibu

294 2454 402 2522 antiqua
413 2454 499 2505 uerba
513 2455 653 2523 placeant.
672 2456 754 2523 magis
772 2456 805 2509 iis
823 2466 943 2527 aceeptus
967 2476 1024 2510 esse
1051 2459 1149 2513 debere
1175 2471 1256 2514 veteru

294 2541 412 2602 fabulas,
439 2538 512 2608 quasi
531 2557 584 2590 non
610 2542 659 2592 hee
678 2541 749 2609 ipsae
770 2559 804 2592 ex
822 2542 939 2610 antiquis
964 2543 1051 2597 verbis
1077 2555 1207 2599 constent.
1233 2548 1256 2595 lt

293 2624 348 2675 dici
368 2635 486 2692 poterat:
509 2643 587 2693 quum
609 2625 697 2677 omnia
715 2635 805 2693 vetera
824 2643 915 2694 opera·
924 2638 952 2680 et
970 2614 1051 2681 verbe
1068 2631 1145 2683 vobis
1161 2631 1253 2699 placent,

295 2727 406 2777 aequum
423 2720 463 2760 est
481 2720 543 2761 ante
558 2711 610 2762 alia
629 2711 735 2779 placere
751 2721 854 2763 veteres
873 2712 985 2776 fabulas,
1001 2731 1067 2783 quae
1079 2717 1155 2769 novis
1169 2731 1253 2768 conoe·

293 2794 343 2845 diis
368 2795 487 2862 pessimis
521 2805 657 2861 praestant
672 2796 776 2865 multo.
816 2795 890 2850 Ante
917 2796 999 2862 igitur
1021 2811 1092 2851 esset
1118 2813 1183 2854 ante
1203 2799 1251 2852 alto.

291 2879 342 2929 Sed
360 2880 492 2931 Acidalius
509 2879 659 2951 emendavit
675 2891 784 2941 autem,
814 2880 887 2948 quod
905 2881 1001 2933 Pareus
1019 2893 1047 2935 et
1065 2886 1176 2939 Bothius
1193 2902 1251 2938 reee-

290 2975 395 3031 perunt.
433 2967 510 3016 Conf.
532 2965 653 3017 Vorstius
677 2965 710 3016 de
726 2965 814 3016 Latin.
840 2966 909 3016 falso
935 2982 1005 3037 susp.
1035 2987 1063 3038 p.
1080 2967 1144 3026 224.
1179 2967 1251 3024 Graeci

292 3047 383 3098 dicunt
399 3045 464 3114 πρό.
481 3050 534 3101 vid.
552 3050 714 3121 Freinshem.
734 3049 762 3100 in
783 3049 838 3100 ind.
860 3051 933 3103 curt.

306 3155 339 3213 3.
373 3149 624 3225 Recentioribus
650 3150 867 3238 scriptoribus
893 3163 921 3218 et
946 3155 1054 3240 poetis
1077 3175 1248 3221 communes

221 3244 299 3299 sunt
314 3234 479 3302 formulae
503 3249 584 3301 unte
610 3236 716 3315 alios,
749 3249 830 3302 unte
854 3261 987 3320 ornnes,
1017 3252 1101 3307 unte
1124 3254 1248 3312 cuncus

219 3332 304 3396 unte
327 3331 470 3397 eeteros,
499 3322 534 3386 in
557 3322 675 3408 quibus
702 3321 817 3386 Cicero
839 3344 1021 3410 numquam
1044 3328 1158 3414 posuit
1180 3338 1250 3392 urite.

221 3406 479 3491 Coniunguntur
496 3429 570 3470 eum
589 3407 773 3487 adiectum,
793 3430 856 3494 pro
872 3411 988 3497 magis
1005 3434 1126 3499 quum,
1145 3425 1250 3478 etcum

220 3491 446 3578 comparativo
465 3502 496 3556 et
512 3491 711 3579 superlativo
728 3495 762 3558 in
782 3493 981 3561 abundantia
997 3498 1187 3575 verborum,
1210 3493 1257 3563 sed

174 3594 177 3599 ⁴
219 3578 336 3640 rarius.
380 3576 467 3641 Alibi
482 3576 644 3664 significet
653 3577 860 3665 praecipue,
880 3583 1100 3667 praesertim.

321 3696 405 3747 Plent.
422 3697 496 3750 Trio.
510 3696 544 3760 4,
565 3697 597 3759 1,
616 3695 641 3747 5.
658 3707 745 3769 atque
762 3716 831 3769 ego,
858 3696 1007 3771 Neptune,
1032 3700 1087 3757 tibi
1107 3713 1174 3757 ante
1194 3702 1267 3756 alio!

285 3773 353 3832 deos
370 3780 480 3852 gratias
506 3799 561 3852 ago
583 3791 667 3852 atque
683 3781 773 3837 babeo
793 3788 923 3836 summm.
956 3787 1034 3838 ovid.
1054 3790 1119 3840 Met.
1140 3784 1273 3852 1o‚1e⁰·

283 3863 334 3916 sed
353 3877 447 3919 tamen
463 3876 531 3920 ante
547 3865 622 3918 aiios
640 3892 673 3906 ·-
690 3878 789 3938 gratus
805 3879 881 3932 erat,
903 3869 1073 3941 Cyparisso,
1094 3870 1156 3926 tibi.
1184 3875 1286 3925 Plauto

228 3981 229 3984 =
282 3949 355 4000 Asin.
372 3951 397 4012 5,
415 3950 442 4012 2,
463 3949 488 4003 8.
508 3951 578 4003 seito
597 3949 681 4005 illum
699 3962 766 4006 ants
785 3970 880 4007 omnes
896 3956 1003 4011 minimi
1016 3957 1165 4011 mortalem
1184 3951 1294 4030 pree-3⁶

281 4033 338 4086 Liv.
357 4035 389 4100 1,
408 4035 440 4101 9,
459 4035 618 4101 temam,
641 4035 726 4108 longe
741 4049 808 4092 ante
830 4037 907 4092 alias
933 4042 1024 4110 speeie
1054 4061 1088 4095 ae
1112 4043 1299 4112 pulchritu‘

280 4115 346 4174 «iim
365 4122 504 4195 insignem
518 4148 552 4165 -
570 4131 683 4195 raptum
696 4117 818 4194 ferunt.¹
833 4123 931 4197 Virgil.
946 4127 1010 4179 Aen·
1030 4124 1058 4194 3,
1073 4126 1136 4182 321.
1153 4147 1171 4184 ο
1183 4121 1301 4202 selifi
