2618 4770
207 315 272 384 684
684 316 786 384 Av'r.

200 480 289 564 gig,
288 469 443 536 iunxisse.
487 468 588 536 Cuius
607 493 628 536 o
655 471 778 536 inionis
799 470 885 537 ratio
908 469 1100 558 quaerenda
1124 481 1211 537 esset
1228 472 1258 536 in

210 556 401 644 aequalitate
423 557 580 643 partium.
649 557 813 639 tunitos,
849 577 933 644 quae
959 557 1041 621 duas
1072 567 1189 644 partes
1220 558 1259 624 itu

209 642 377 723 continet,
398 661 469 706 non
485 642 519 706 in
535 654 688 730 tempore
712 644 854 721 suriest,
885 652 985 729 atque
1007 642 1132 707 Cicero
1161 664 1257 728 quum

212 726 310 793 dieite
347 738 410 792 arri
432 727 596 818 quidquid
617 729 731 817 igitur
756 729 875 793 eodem
905 728 1008 793 modo
1032 728 1255 805 concluditur,
1288 742 1291 749 ’

204 809 417 901 probabitis,
440 825 502 878 aui
528 838 587 879 ora
610 815 682 880 isto
705 815 803 880 nulla
821 825 889 891 esi,
910 835 982 879 uon
1004 815 1117 900 egitur
1139 815 1204 880 aiei
1222 814 1256 880 de

208 909 381 987 praesente
398 921 446 965 re.
488 900 582 966 Adde
597 922 681 990 quae
695 899 765 967 dixi
777 925 814 991 p.
830 901 906 967 581.
922 910 1007 966 extr.

293 1023 326 1084 9.
355 1019 513 1085 Peculiari
534 1020 639 1087 modo
664 1032 725 1087 aui
746 1059 790 1072 -
813 1033 876 1087 out
903 1020 1025 1087 dicitur
1051 1019 1255 1121 &Q

200 1104 385 1201 fflemia,
395 1116 428 1170 et
443 1129 527 1195 quae
541 1107 690 1173 eiusdem
705 1119 782 1173 suut
798 1106 938 1196 generis,
947 1108 984 1172 in
996 1109 1255 1194 interrogatione

209 1201 243 1257 et
257 1193 292 1259 iu
308 1189 435 1278 aliquot
454 1193 713 1282 comparationis
727 1192 858 1259 formis.
883 1192 922 1259 In
938 1193 977 1258 iis
992 1191 1130 1283 negatio
1148 1191 1255 1257 transit

207 1276 244 1341 in
266 1276 462 1363 particulam
482 1279 546 1364 iia,
575 1290 613 1343 ut
633 1301 699 1368 pro
726 1302 889 1368 neque-
903 1301 1026 1373 oeque,
1054 1300 1124 1344 neu
1138 1314 1182 1326 -
1197 1298 1252 1341 neu

208 1360 335 1427 dictum
363 1363 527 1442 videatur,
558 1366 635 1430 etsi
652 1365 950 1452 interrogationem
976 1374 1008 1430 et
1032 1362 1252 1451 comparatio-

207 1466 287 1512 nem
305 1446 347 1512 ad
363 1450 622 1516 enuntiationem
642 1461 819 1538 negantem
832 1471 984 1532 revoces,
1015 1448 1187 1537 duplicem
1207 1457 1252 1512 te·

206 1552 285 1597 neas
300 1535 520 1623 negationem.
566 1538 673 1623 Atque
696 1545 840 1624 possunt
857 1538 902 1602 ita
920 1558 973 1601 res
993 1534 1157 1623 disiungi,
1179 1554 1253 1623 quau

207 1616 356 1703 eiusdem
377 1623 504 1711 generis
522 1632 554 1687 et
572 1623 820 1711 coniungendae
836 1624 947 1710 potius
963 1621 1149 1687 videantur.

310 1743 417 1796 Terent.
440 1743 489 1794 Ad.
518 1742 544 1806 1,
565 1743 590 1808 1,
611 1742 654 1797 11.
672 1763 708 1798 aa
726 1754 777 1797 aut
793 1742 843 1799 ille
859 1739 974 1803 alaerit,
992 1752 1045 1795 aut
1059 1742 1182 1815 uspiam.
1193 1738 1252 1793 caci·

276 1825 358 1882 derit.
393 1828 448 1880 Cic.
471 1829 505 1881 de
531 1831 604 1881 Orat.
629 1828 663 1895 1,
688 1829 725 1897 9,
749 1827 793 1884 35.
818 1848 853 1883 ue
878 1836 930 1881 aut
946 1826 981 1880 dc
1004 1827 1034 1882 G·
1053 1824 1158 1881 Laelii
1174 1825 1255 1878 soceri
1296 1812 1299 1831 ¹

231 1964 233 1969 .
278 1913 333 1967 mei
353 1920 403 1964 aut
417 1911 453 1966 de
470 1911 550 1968 lanias
569 1917 665 1985 generi
689 1924 740 1967 cat
765 1924 826 1968 arte
848 1922 899 1967 aut
916 1909 1011 1982 gloria
1030 1908 1189 1965 detraham.
1229 1907 1255 1960 in
1297 1906 1299 1911 ’

276 1995 354 2048 catil.
373 1996 405 2060 1,
421 1997 453 2064 6,
473 1998 514 2051 15.
531 2018 618 2070 aeque
638 2001 712 2059 euim
729 2009 796 2050 suut
820 2008 871 2051 aut
891 1994 1005 2051 obscura
1022 2006 1075 2051 aut
1094 2014 1153 2049 noa
1171 1991 1255 2046 malta

273 2091 342 2151 post
360 2089 514 2139 commissa.
551 2086 623 2138 Cart.
640 2082 674 2150 4,
697 2080 748 2149 1⁵,
764 2082 809 2136 28.
835 2102 885 2137 nec
909 2093 958 2136 aut
975 2084 1091 2146 Persae,
1117 2090 1170 2135 aut
1188 2079 1254 2134 Ma·

276 2162 392 2221 redonas
410 2167 582 2233 dubitavere,
598 2173 666 2242 quia
685 2173 746 2241 ipse
761 2187 809 2222 rex
833 2178 906 2221 assat
923 2168 1039 2221 occisus.
1054 2169 1168 2219 Sueton.
1185 2167 1253 2218 Gaea.

229 2270 235 2285 ¹·
273 2245 318 2301 68.
334 2254 400 2305 Ner.
414 2253 459 2307 34.
489 2255 575 2308 Tacit.
593 2259 644 2309 Aa.
659 2247 710 2320 14,
729 2252 773 2306 58.
790 2252 825 2318 8,
846 2251 890 2305 54.
908 2253 998 2306 Germ.
1015 2249 1059 2305 13.
1078 2250 1136 2303 Cic.
1154 2248 1189 2303 dc
1207 2247 1253 2301 off.

245 2360 248 2365 ·
272 2332 381 2402 1,20,
404 2339 448 2393 66.
474 2359 557 2414 qaam
583 2355 746 2412 persuasam
770 2339 824 2401 rit,
851 2337 1083 2394 nihilhominus
1107 2338 1165 2392 nisi
1186 2332 1254 2409 qaod

272 2414 420 2477 honestam
438 2425 622 2500 decoramque
641 2427 695 2487 sit,
723 2432 774 2480 aut
793 2421 928 2478 admirari
951 2433 1002 2477 aut
1020 2432 1123 2494 optare
1141 2432 1195 2476 ant
1213 2436 1253 2475 ex·

274 2515 369 2574 patere
386 2524 523 2581 oportere.
550 2515 585 2566 Et
600 2514 639 2565 ita
658 2511 693 2575 1,
712 2508 762 2576 11,
779 2507 823 2562 86.
840 2508 873 2571 1,
889 2509 939 2575 20,
957 2507 1002 2564 68.
1017 2508 1047 2561 in
1064 2507 1162 2576 quibus
1180 2505 1252 2559 Beie-

272 2606 319 2642 rus
341 2598 519 2665 copulativam
540 2598 593 2651 vim
609 2597 737 2666 agnoscit.
770 2595 803 2646 de
822 2597 894 2644 Orat.
912 2593 947 2654 2,
968 2590 1020 2658 45,
1043 2591 1105 2644 189.
1128 2609 1186 2645 noa
1207 2609 1254 2645 mc

273 2673 385 2735 hercula
402 2701 531 2754 amquam
559 2682 637 2753 apud
655 2679 759 2734 iudices
785 2687 835 2730 aut
860 2675 1002 2744 dolorem,
1025 2687 1076 2731 aut
1105 2679 1254 2732 misericor·

275 2760 368 2830 diana,
386 2778 437 2821 aut
456 2767 609 2830 invidiam,
629 2776 680 2818 aut
701 2765 798 2818 odiam
813 2763 935 2816 excitare
952 2760 1070 2815 diceudo
1091 2760 1184 2818 volat.
1208 2764 1254 2812 At-

275 2861 327 2915 que
349 2850 401 2902 huc
419 2853 553 2905 retulerim
578 2852 659 2905 etiam
683 2851 716 2903 de
736 2851 795 2902 Fin.
812 2847 847 2910 4,
864 2846 917 2912 21,
940 2844 983 2897 69.
1011 2863 1147 2901 conasse
1166 2844 1255 2899 iniis

274 2944 385 3000 partem
401 2941 552 2991 maximam
570 2926 695 3009 positam
711 2944 762 2987 aut
785 2931 865 2986 beate
881 2940 932 2984 aut
952 2946 1029 2983 secut
1048 2930 1176 2985 vivendi.
1209 2931 1255 2981 Et·

273 3014 352 3070 iamsi
371 3021 458 3076 critici
480 3025 507 3074 in
525 3023 614 3075 multis
632 3020 708 3074 codd.
730 3018 802 3088 prius
820 3027 872 3070 aut
890 3033 945 3067 non
958 3015 1127 3080 invenerint,
1144 3016 1255 3084 ideoque

274 3095 436 3165 Ῑθῑθῦθῐὶυΐ,
452 3107 516 3160 mihi
535 3108 642 3178 quidem
657 3094 832 3159 necesseiium
848 3100 953 3155 videtur
970 3100 1122 3171 inaequali
1140 3101 1192 3153 hac
1207 3116 1255 3152 ua-

273 3181 393 3248 gatione.

313 3285 369 3340 Cic.
394 3290 474 3342 acad.
495 3289 530 3354 2,
548 3289 581 3357 7,
606 3291 650 3345 22.
675 3288 814 3365 quomodo
840 3297 891 3343 aut
917 3297 1072 3358 geometres
1099 3307 1257 3346 emersere

174 3410 177 3414 -
274 3370 388 3440 potest,
415 3394 486 3446 quaa
509 3386 560 3429 aut
584 3376 665 3429 nulla
690 3389 771 3442 sunt,
794 3384 845 3427 aut
869 3375 1020 3428 internosci
1044 3393 1063 3425 a
1082 3368 1180 3443 falsis
1205 3392 1257 3426 noa

275 3470 414 3526 possunt,
430 3472 480 3514 aut
499 3465 540 3525 is,
559 3458 731 3534 quisfidibas
751 3463 859 3523 utitur,
875 3456 987 3527 explere
1000 3463 1130 3512 numeror
1147 3468 1178 3511 et
1198 3477 1257 3512 coa·

271 3538 361 3611 ficere
377 3547 492 3599 versas?
509 3558 584 3599 extra
599 3546 835 3614 interrogationem
854 3551 1028 3612 essetisque
1046 3570 1079 3582 -
1098 3562 1195 3615 nequa.
1227 3545 1258 3594 Iu

276 3643 330 3694 quo
353 3627 414 3682 loco
442 3632 624 3684 constituendo
650 3631 748 3684 erravit
767 3626 936 3680 Goereucius.
970 3627 1004 3680 de
1023 3628 1075 3681 off.
1094 3625 1257 3694 1‚15‚44.

276 3709 346 3766 talis
368 3727 460 3770 autem
477 3716 620 3771 simulatio
646 3717 770 3768 vanitati
788 3722 830 3766 est
854 3713 1026 3767 coniunctior
1050 3733 1134 3787 qaam
1155 3725 1208 3767 aat
1226 3711 1258 3768 ii·

275 3792 422 3853 baralitati
439 3813 489 3855 aut
506 3800 656 3854 honestati.
677 3799 696 3850 i.
716 3818 740 3850 e.
757 3796 889 3850 simulatio
906 3798 1048 3854 coniuncta
1071 3810 1114 3853 est
1136 3798 1256 3863 vanitati,

274 3898 330 3935 non
343 3885 515 3948 liberalitati,
536 3903 585 3936 nec
604 3885 747 3937 honestati.

317 3989 432 4057 Negatio
449 3999 538 4060 potest
556 3990 608 4041 elio
628 3986 734 4041 nomine
749 3984 846 4050 condi,
864 3983 944 4038 velati
963 3985 1017 4039 Gic.
1034 3986 1068 4039 de
1084 3985 1199 4056 nea-1,
1215 3982 1259 4039 42.

274 4092 342 4130 cava
355 4086 457 4147 putas,
475 4086 527 4128 aut
547 4094 622 4129 utare
636 4071 725 4128 allum
742 4080 793 4123 aut
805 4068 954 4139 flammam
970 4087 1029 4125 csse
1046 4082 1156 4125 tantam
1177 4087 1260 4142 qaam

273 4177 331 4216 noa
344 4154 468 4233 facilius
486 4163 525 4218 sit
541 4159 639 4218 sedare
653 4167 706 4213 etc·
739 4159 782 4211 lta
799 4157 899 4230 optime
912 4156 1029 4212 restituit
1045 4156 1230 4211 Heinrichius.
