<?xml version="1.0" encoding="UTF-8"?>
<!DOCTYPE html PUBLIC "-//W3C//DTD XHTML 1.0 Transitional//EN"
    "http://www.w3.org/TR/xhtml1/DTD/xhtml1-transitional.dtd">
<html xmlns="http://www.w3.org/1999/xhtml" xml:lang="en" lang="en">
 <head>
  <title>
</title>
<meta http-equiv="Content-Type" content="text/html;charset=utf-8" />
  <meta name='ocr-system' content='tesseract 3.04.00' />
  <meta name='ocr-capabilities' content='ocr_page ocr_carea ocr_par ocr_line ocrx_word'/>
</head>
<body>
  <div class='ocr_page' id='page_1' title='image "./tursellinusseud03handgoog_0602.png"; bbox 0 0 2618 4770; ppageno 0'>
   <div class='ocr_carea' id='block_1_1' title="bbox 547 324 1166 435">
    <p class='ocr_par' dir='ltr' id='par_1_1' title="bbox 547 324 1166 435">
     <span class='ocr_line' id='line_1_1' title="bbox 547 324 1166 435; baseline -0.002 -39"><span class='ocrx_word' id='word_1_1' title='bbox 547 324 714 397; x_wconf 76' lang='lat' dir='ltr'><strong>rursu.</strong></span> <span class='ocrx_word' id='word_1_2' title='bbox 914 430 917 435; x_wconf 14' lang='grc' dir='ltr'><strong><em>Ι</em></strong></span> <span class='ocrx_word' id='word_1_3' title='bbox 1099 330 1166 397; x_wconf 82' lang='lat' dir='ltr'><strong>ssr</strong></span> 
     </span>
    </p>
   </div>
   <div class='ocr_carea' id='block_1_2' title="bbox 181 481 1176 1402">
    <p class='ocr_par' dir='ltr' id='par_1_2' title="bbox 181 481 1176 1402">
     <span class='ocr_line' id='line_1_2' title="bbox 184 481 1166 557; baseline -0.016 -5"><span class='ocrx_word' id='word_1_4' title='bbox 184 514 242 553; x_wconf 85' lang='lat' dir='ltr'><strong>eam</strong></span> <span class='ocrx_word' id='word_1_5' title='bbox 261 492 404 548; x_wconf 73' lang='lat' dir='ltr'><strong>Lambinus</strong></span> <span class='ocrx_word' id='word_1_6' title='bbox 428 487 498 542; x_wconf 80' lang='lat' dir='ltr'><strong>sninr</strong></span> <span class='ocrx_word' id='word_1_7' title='bbox 517 487 684 557; x_wconf 77' lang='lat' dir='ltr'><strong>depravatam</strong></span> <span class='ocrx_word' id='word_1_8' title='bbox 707 501 764 537; x_wconf 86' lang='lat' dir='ltr'><strong>esse</strong></span> <span class='ocrx_word' id='word_1_9' title='bbox 779 490 934 553; x_wconf 81' lang='lat' dir='ltr'><strong>putaverat,</strong></span> <span class='ocrx_word' id='word_1_10' title='bbox 954 481 997 536; x_wconf 89' lang='lat' dir='ltr'><strong>cui</strong></span> <span class='ocrx_word' id='word_1_11' title='bbox 1013 484 1166 536; x_wconf 88' lang='lat' dir='ltr'><strong>assentiun-</strong></span> 
     </span>
     <span class='ocr_line' id='line_1_3' title="bbox 184 569 1168 638; baseline -0.012 -3"><span class='ocrx_word' id='word_1_12' title='bbox 184 595 228 634; x_wconf 91' lang='lat' dir='ltr'><strong>tur</strong></span> <span class='ocrx_word' id='word_1_13' title='bbox 251 580 368 632; x_wconf 75' lang='lat' dir='ltr'><strong>Bromius</strong></span> <span class='ocrx_word' id='word_1_14' title='bbox 393 586 421 629; x_wconf 88' lang='lat' dir='ltr'><strong>et</strong></span> <span class='ocrx_word' id='word_1_15' title='bbox 444 575 551 627; x_wconf 83' lang='lat' dir='ltr'><strong>Beierus</strong></span> <span class='ocrx_word' id='word_1_16' title='bbox 566 573 600 623; x_wconf 91' lang='lat' dir='ltr'><strong>ad</strong></span> <span class='ocrx_word' id='word_1_17' title='bbox 618 570 669 623; x_wconf 86' lang='lat' dir='ltr'><strong>off.</strong></span> <span class='ocrx_word' id='word_1_18' title='bbox 687 572 769 621; x_wconf 81' lang='lat' dir='ltr'><strong>Tum:</strong></span> <span class='ocrx_word' id='word_1_19' title='bbox 784 572 805 621; x_wconf 89' lang='lat' dir='ltr'><strong>I.</strong></span> <span class='ocrx_word' id='word_1_20' title='bbox 822 589 849 638; x_wconf 88' lang='lat' dir='ltr'><strong>p.</strong></span> <span class='ocrx_word' id='word_1_21' title='bbox 866 570 910 623; x_wconf 89' lang='grc'><strong>20.</strong></span> <span class='ocrx_word' id='word_1_22' title='bbox 928 579 956 622; x_wconf 86' lang='lat' dir='ltr'><strong>et</strong></span> <span class='ocrx_word' id='word_1_23' title='bbox 972 569 1119 637; x_wconf 81' lang='lat' dir='ltr'><strong>Madvigius</strong></span> <span class='ocrx_word' id='word_1_24' title='bbox 1137 570 1168 623; x_wconf 78' lang='lat' dir='ltr'><strong>iu</strong></span> 
     </span>
     <span class='ocr_line' id='line_1_4' title="bbox 186 654 1170 733; baseline -0.016 -13"><span class='ocrx_word' id='word_1_25' title='bbox 186 666 324 731; x_wconf 76' lang='lat' dir='ltr'><strong>Emendat.</strong></span> <span class='ocrx_word' id='word_1_26' title='bbox 346 683 373 733; x_wconf 90' lang='lat' dir='ltr'><strong>p.</strong></span> <span class='ocrx_word' id='word_1_27' title='bbox 391 660 450 714; x_wconf 98' lang='grc'><strong>142.</strong></span> <span class='ocrx_word' id='word_1_28' title='bbox 470 670 498 713; x_wconf 85' lang='lat' dir='ltr'><strong>et</strong></span> <span class='ocrx_word' id='word_1_29' title='bbox 519 659 617 729; x_wconf 86' lang='lat' dir='ltr'><strong>optime</strong></span> <span class='ocrx_word' id='word_1_30' title='bbox 633 656 750 726; x_wconf 87' lang='lat' dir='ltr'><strong>quidem.</strong></span> <span class='ocrx_word' id='word_1_31' title='bbox 783 657 886 709; x_wconf 82' lang='lat' dir='ltr'><strong>Autem</strong></span> <span class='ocrx_word' id='word_1_32' title='bbox 913 672 929 706; x_wconf 88' lang='lat' dir='ltr'><strong>a</strong></span> <span class='ocrx_word' id='word_1_33' title='bbox 954 654 1070 706; x_wconf 85' lang='lat' dir='ltr'><strong>librariis</strong></span> <span class='ocrx_word' id='word_1_34' title='bbox 1088 655 1170 733; x_wconf 75' lang='lat' dir='ltr'><strong>adie-</strong></span> 
     </span>
     <span class='ocr_line' id='line_1_5' title="bbox 185 739 1169 816; baseline -0.014 -12"><span class='ocrx_word' id='word_1_35' title='bbox 185 764 255 805; x_wconf 86' lang='lat' dir='ltr'><strong>ctum</strong></span> <span class='ocrx_word' id='word_1_36' title='bbox 273 749 394 816; x_wconf 82' lang='lat' dir='ltr'><strong>videtur,</strong></span> <span class='ocrx_word' id='word_1_37' title='bbox 413 747 458 816; x_wconf 87' lang='lat' dir='ltr'><strong>qui</strong></span> <span class='ocrx_word' id='word_1_38' title='bbox 476 755 548 797; x_wconf 85' lang='lat' dir='ltr'><strong>reete</strong></span> <span class='ocrx_word' id='word_1_39' title='bbox 565 742 643 795; x_wconf 79' lang='lat' dir='ltr'><strong>foetis</strong></span> <span class='ocrx_word' id='word_1_40' title='bbox 658 739 791 792; x_wconf 89' lang='lat' dir='ltr'><strong>contraria</strong></span> <span class='ocrx_word' id='word_1_41' title='bbox 809 740 853 791; x_wconf 87' lang='lat' dir='ltr'><strong>hie</strong></span> <span class='ocrx_word' id='word_1_42' title='bbox 871 739 924 791; x_wconf 90' lang='lat' dir='ltr'><strong>dici</strong></span> <span class='ocrx_word' id='word_1_43' title='bbox 944 739 1088 791; x_wconf 89' lang='lat' dir='ltr'><strong>notandum</strong></span> <span class='ocrx_word' id='word_1_44' title='bbox 1107 739 1169 791; x_wconf 82' lang='lat' dir='ltr'><strong>exi-</strong></span> 
     </span>
     <span class='ocr_line' id='line_1_6' title="bbox 187 823 1172 895; baseline -0.014 -5"><span class='ocrx_word' id='word_1_45' title='bbox 187 836 372 890; x_wconf 83' lang='lat' dir='ltr'><strong>stimavisseut.</strong></span> <span class='ocrx_word' id='word_1_46' title='bbox 406 835 446 885; x_wconf 83' lang='lat' dir='ltr'><strong>Itu</strong></span> <span class='ocrx_word' id='word_1_47' title='bbox 465 831 498 882; x_wconf 91' lang='lat' dir='ltr'><strong>de</strong></span> <span class='ocrx_word' id='word_1_48' title='bbox 519 828 571 880; x_wconf 86' lang='lat' dir='ltr'><strong>off.</strong></span> <span class='ocrx_word' id='word_1_49' title='bbox 586 827 619 895; x_wconf 91' lang='grc'><strong>3,</strong></span> <span class='ocrx_word' id='word_1_50' title='bbox 637 825 689 890; x_wconf 87' lang='grc'><strong>29,</strong></span> <span class='ocrx_word' id='word_1_51' title='bbox 714 823 773 877; x_wconf 87' lang='grc'><strong>107.</strong></span> <span class='ocrx_word' id='word_1_52' title='bbox 796 825 914 877; x_wconf 89' lang='lat' dir='ltr'><strong>eamdem</strong></span> <span class='ocrx_word' id='word_1_53' title='bbox 934 823 1172 893; x_wconf 76' lang='lat' dir='ltr'><strong>interpolationem</strong></span> 
     </span>
     <span class='ocr_line' id='line_1_7' title="bbox 186 908 1172 977; baseline -0.014 -2"><span class='ocrx_word' id='word_1_54' title='bbox 186 923 309 975; x_wconf 86' lang='lat' dir='ltr'><strong>meliores</strong></span> <span class='ocrx_word' id='word_1_55' title='bbox 335 917 398 971; x_wconf 85' lang='lat' dir='ltr'><strong>libri</strong></span> <span class='ocrx_word' id='word_1_56' title='bbox 424 922 582 967; x_wconf 79' lang='lat' dir='ltr'><strong>monstrant.</strong></span> <span class='ocrx_word' id='word_1_57' title='bbox 613 910 668 965; x_wconf 83' lang='lat' dir='ltr'><strong>uid.</strong></span> <span class='ocrx_word' id='word_1_58' title='bbox 694 908 850 977; x_wconf 74' lang='lat' dir='ltr'><strong>Heusinger.</strong></span> <span class='ocrx_word' id='word_1_59' title='bbox 875 918 904 962; x_wconf 87' lang='lat' dir='ltr'><strong>et</strong></span> <span class='ocrx_word' id='word_1_60' title='bbox 925 910 1010 962; x_wconf 81' lang='lat' dir='ltr'><strong>Beier.</strong></span> <span class='ocrx_word' id='word_1_61' title='bbox 1036 911 1070 961; x_wconf 89' lang='lat' dir='ltr'><strong>ad</strong></span> <span class='ocrx_word' id='word_1_62' title='bbox 1097 911 1125 962; x_wconf 86' lang='lat' dir='ltr'><strong>h.</strong></span> <span class='ocrx_word' id='word_1_63' title='bbox 1149 910 1172 962; x_wconf 90' lang='lat' dir='ltr'><strong>l.</strong></span> 
     </span>
     <span class='ocr_line' id='line_1_8' title="bbox 188 991 1174 1069; baseline -0.011 -9"><span class='ocrx_word' id='word_1_64' title='bbox 188 1012 260 1062; x_wconf 87' lang='lat' dir='ltr'><strong>Brut.</strong></span> <span class='ocrx_word' id='word_1_65' title='bbox 280 1003 330 1069; x_wconf 90' lang='grc'><strong>63,</strong></span> <span class='ocrx_word' id='word_1_66' title='bbox 346 1002 407 1056; x_wconf 84' lang='grc'><strong>229.</strong></span> <span class='ocrx_word' id='word_1_67' title='bbox 421 1000 475 1054; x_wconf 73' lang='lat' dir='ltr'><strong>boo</strong></span> <span class='ocrx_word' id='word_1_68' title='bbox 491 1001 578 1054; x_wconf 82' lang='lat' dir='ltr'><strong>stiam</strong></span> <span class='ocrx_word' id='word_1_69' title='bbox 597 1005 693 1048; x_wconf 80' lang='lat' dir='ltr'><strong>autem</strong></span> <span class='ocrx_word' id='word_1_70' title='bbox 711 996 801 1065; x_wconf 79' lang='lat' dir='ltr'><strong>magis</strong></span> <span class='ocrx_word' id='word_1_71' title='bbox 817 991 999 1065; x_wconf 77' lang='lat' dir='ltr'><strong>probabatur.</strong></span> <span class='ocrx_word' id='word_1_72' title='bbox 1033 995 1174 1049; x_wconf 83' lang='lat' dir='ltr'><strong>Ernestius</strong></span> 
     </span>
     <span class='ocr_line' id='line_1_9' title="bbox 191 1080 1175 1146; baseline -0.011 -2"><span class='ocrx_word' id='word_1_73' title='bbox 191 1090 349 1145; x_wconf 88' lang='lat' dir='ltr'><strong>eiicieudum</strong></span> <span class='ocrx_word' id='word_1_74' title='bbox 365 1085 468 1139; x_wconf 89' lang='lat' dir='ltr'><strong>censuit</strong></span> <span class='ocrx_word' id='word_1_75' title='bbox 484 1095 595 1146; x_wconf 81' lang='lat' dir='ltr'><strong>antem,</strong></span> <span class='ocrx_word' id='word_1_76' title='bbox 612 1080 750 1132; x_wconf 81' lang='lat' dir='ltr'><strong>Schiitzius</strong></span> <span class='ocrx_word' id='word_1_77' title='bbox 769 1098 828 1132; x_wconf 90' lang='lat' dir='ltr'><strong>cnm</strong></span> <span class='ocrx_word' id='word_1_78' title='bbox 841 1083 961 1135; x_wconf 82' lang='lat' dir='ltr'><strong>Manutio</strong></span> <span class='ocrx_word' id='word_1_79' title='bbox 982 1083 1087 1136; x_wconf 75' lang='lat' dir='ltr'><strong>etiam.-</strong></span> <span class='ocrx_word' id='word_1_80' title='bbox 1104 1082 1175 1135; x_wconf 89' lang='lat' dir='ltr'><strong>illud</strong></span> 
     </span>
     <span class='ocr_line' id='line_1_10' title="bbox 192 1163 1176 1241; baseline -0.01 -11"><span class='ocrx_word' id='word_1_81' title='bbox 192 1194 286 1241; x_wconf 29' lang='lat' dir='ltr'><strong>rerum.</strong></span> <span class='ocrx_word' id='word_1_82' title='bbox 297 1174 418 1226; x_wconf 80' lang='lat' dir='ltr'><strong>ridetur:</strong></span> <span class='ocrx_word' id='word_1_83' title='bbox 442 1177 514 1220; x_wconf 83' lang='lat' dir='ltr'><strong>certe</strong></span> <span class='ocrx_word' id='word_1_84' title='bbox 534 1166 700 1219; x_wconf 88' lang='lat' dir='ltr'><strong>scribendum</strong></span> <span class='ocrx_word' id='word_1_85' title='bbox 717 1175 775 1217; x_wconf 85' lang='lat' dir='ltr'><strong>erat</strong></span> <span class='ocrx_word' id='word_1_86' title='bbox 796 1163 961 1222; x_wconf 76' lang='lat' dir='ltr'><strong>hocoutrm</strong></span> <span class='ocrx_word' id='word_1_87' title='bbox 980 1171 1065 1222; x_wconf 86' lang='lat' dir='ltr'><strong>etiam</strong></span> <span class='ocrx_word' id='word_1_88' title='bbox 1082 1167 1176 1238; x_wconf 75' lang='lat' dir='ltr'><strong>magis</strong></span> 
     </span>
     <span class='ocr_line' id='line_1_11' title="bbox 181 1249 1175 1333; baseline -0.007 -20"><span class='ocrx_word' id='word_1_89' title='bbox 181 1280 221 1333; x_wconf 67' lang='grc' dir='ltr'><strong>φ.</strong></span> <span class='ocrx_word' id='word_1_90' title='bbox 238 1258 309 1329; x_wconf 91' lang='lat' dir='ltr'><strong>quod</strong></span> <span class='ocrx_word' id='word_1_91' title='bbox 328 1255 459 1327; x_wconf 84' lang='lat' dir='ltr'><strong>displicet.</strong></span> <span class='ocrx_word' id='word_1_92' title='bbox 495 1251 614 1323; x_wconf 49' lang='lat' dir='ltr'><strong>Celsp4,</strong></span> <span class='ocrx_word' id='word_1_93' title='bbox 630 1249 665 1318; x_wconf 90' lang='grc'><strong>4,</strong></span> <span class='ocrx_word' id='word_1_94' title='bbox 682 1251 709 1304; x_wconf 86' lang='grc'><strong>2.</strong></span> <span class='ocrx_word' id='word_1_95' title='bbox 729 1260 816 1323; x_wconf 83' lang='lat' dir='ltr'><strong>eaput</strong></span> <span class='ocrx_word' id='word_1_96' title='bbox 834 1261 928 1306; x_wconf 80' lang='lat' dir='ltr'><strong>autem</strong></span> <span class='ocrx_word' id='word_1_97' title='bbox 945 1255 1031 1308; x_wconf 82' lang='lat' dir='ltr'><strong>etiam</strong></span> <span class='ocrx_word' id='word_1_98' title='bbox 1049 1254 1078 1306; x_wconf 83' lang='lat' dir='ltr'><strong>in</strong></span> <span class='ocrx_word' id='word_1_99' title='bbox 1098 1251 1175 1308; x_wconf 76' lang='lat' dir='ltr'><strong>leuto</strong></span> 
     </span>
     <span class='ocr_line' id='line_1_12' title="bbox 187 1332 558 1402; baseline -0.027 -4"><span class='ocrx_word' id='word_1_100' title='bbox 187 1335 308 1402; x_wconf 65' lang='lat' dir='ltr'><strong>subiisse</strong></span> <span class='ocrx_word' id='word_1_101' title='bbox 327 1339 485 1394; x_wconf 77' lang='lat' dir='ltr'><strong>babendum</strong></span> <span class='ocrx_word' id='word_1_102' title='bbox 505 1332 558 1394; x_wconf 59' lang='grc' dir='ltr'><strong>δἐι.</strong></span> 
     </span>
    </p>
   </div>
   <div class='ocr_carea' id='block_1_3' title="bbox 123 1419 1286 3138">
    <p class='ocr_par' dir='ltr' id='par_1_3' title="bbox 123 1419 1286 2524">
     <span class='ocr_line' id='line_1_13' title="bbox 206 1419 1177 1521; baseline -0.007 -27"><span class='ocrx_word' id='word_1_103' title='bbox 206 1435 256 1494; x_wconf 85' lang='grc'><strong>11.</strong></span> <span class='ocrx_word' id='word_1_104' title='bbox 292 1426 442 1512; x_wconf 89' lang='lat' dir='ltr'><strong>Denique</strong></span> <span class='ocrx_word' id='word_1_105' title='bbox 467 1422 510 1487; x_wconf 90' lang='lat' dir='ltr'><strong>ob</strong></span> <span class='ocrx_word' id='word_1_106' title='bbox 534 1423 602 1488; x_wconf 87' lang='lat' dir='ltr'><strong>vim</strong></span> <span class='ocrx_word' id='word_1_107' title='bbox 623 1419 936 1495; x_wconf 75' lang='lat' dir='ltr'><strong>demonstrativam,</strong></span> <span class='ocrx_word' id='word_1_108' title='bbox 966 1442 1049 1507; x_wconf 87' lang='lat' dir='ltr'><strong>quae</strong></span> <span class='ocrx_word' id='word_1_109' title='bbox 1065 1419 1177 1521; x_wconf 84' lang='lat' dir='ltr'><strong>parti·</strong></span> 
     </span>
     <span class='ocr_line' id='line_1_14' title="bbox 123 1506 1178 1595; baseline -0.008 -14"><span class='ocrx_word' id='word_1_110' title='bbox 123 1515 215 1581; x_wconf 84' lang='lat' dir='ltr'><strong>culus</strong></span> <span class='ocrx_word' id='word_1_111' title='bbox 230 1511 386 1579; x_wconf 82' lang='lat' dir='ltr'><strong>adhaeret</strong></span> <span class='ocrx_word' id='word_1_112' title='bbox 401 1510 434 1573; x_wconf 92' lang='lat' dir='ltr'><strong>in</strong></span> <span class='ocrx_word' id='word_1_113' title='bbox 453 1506 625 1573; x_wconf 80' lang='lat' dir='ltr'><strong>excitanda</strong></span> <span class='ocrx_word' id='word_1_114' title='bbox 650 1506 752 1571; x_wconf 90' lang='lat' dir='ltr'><strong>animi</strong></span> <span class='ocrx_word' id='word_1_115' title='bbox 775 1506 973 1581; x_wconf 80' lang='lat' dir='ltr'><strong>attentione,</strong></span> <span class='ocrx_word' id='word_1_116' title='bbox 997 1507 1178 1595; x_wconf 73' lang='lat' dir='ltr'><strong>coniungi-</strong></span> 
     </span>
     <span class='ocr_line' id='line_1_15' title="bbox 123 1591 1178 1674; baseline -0.009 -8"><span class='ocrx_word' id='word_1_117' title='bbox 123 1615 178 1666; x_wconf 87' lang='lat' dir='ltr'><strong>tur</strong></span> <span class='ocrx_word' id='word_1_118' title='bbox 202 1623 239 1665; x_wconf 85' lang='lat' dir='ltr'><strong>ea</strong></span> <span class='ocrx_word' id='word_1_119' title='bbox 260 1620 333 1662; x_wconf 89' lang='lat' dir='ltr'><strong>cum</strong></span> <span class='ocrx_word' id='word_1_120' title='bbox 356 1593 657 1674; x_wconf 83' lang='lat' dir='ltr'><strong>interiectionibus,</strong></span> <span class='ocrx_word' id='word_1_121' title='bbox 684 1603 818 1657; x_wconf 87' lang='lat' dir='ltr'><strong>etcum</strong></span> <span class='ocrx_word' id='word_1_122' title='bbox 843 1591 946 1656; x_wconf 88' lang='lat' dir='ltr'><strong>verbo</strong></span> <span class='ocrx_word' id='word_1_123' title='bbox 975 1614 1061 1655; x_wconf 91' lang='lat' dir='ltr'><strong>ecce.</strong></span> <span class='ocrx_word' id='word_1_124' title='bbox 1103 1593 1178 1657; x_wconf 90' lang='lat' dir='ltr'><strong>Do-</strong></span> 
     </span>
     <span class='ocr_line' id='line_1_16' title="bbox 124 1675 1179 1762; baseline -0.011 -9"><span class='ocrx_word' id='word_1_125' title='bbox 124 1697 220 1754; x_wconf 84' lang='lat' dir='ltr'><strong>natus</strong></span> <span class='ocrx_word' id='word_1_126' title='bbox 242 1685 283 1749; x_wconf 87' lang='lat' dir='ltr'><strong>ud</strong></span> <span class='ocrx_word' id='word_1_127' title='bbox 305 1682 441 1747; x_wconf 85' lang='lat' dir='ltr'><strong>Terent.</strong></span> <span class='ocrx_word' id='word_1_128' title='bbox 466 1680 604 1744; x_wconf 87' lang='lat' dir='ltr'><strong>Phorm.</strong></span> <span class='ocrx_word' id='word_1_129' title='bbox 627 1685 665 1759; x_wconf 83' lang='grc'><strong>2,</strong></span> <span class='ocrx_word' id='word_1_130' title='bbox 695 1685 732 1760; x_wconf 96' lang='grc'><strong>1,</strong></span> <span class='ocrx_word' id='word_1_131' title='bbox 763 1675 816 1742; x_wconf 85' lang='grc'><strong>34.</strong></span> <span class='ocrx_word' id='word_1_132' title='bbox 838 1700 900 1742; x_wconf 75' lang='lat' dir='ltr'><strong>corr</strong></span> <span class='ocrx_word' id='word_1_133' title='bbox 923 1688 974 1742; x_wconf 85' lang='lat' dir='ltr'><strong>est</strong></span> <span class='ocrx_word' id='word_1_134' title='bbox 1000 1688 1087 1762; x_wconf 80' lang='lat' dir='ltr'><strong>opto</strong></span> <span class='ocrx_word' id='word_1_135' title='bbox 1109 1679 1179 1757; x_wconf 80' lang='lat' dir='ltr'><strong>iris,</strong></span> 
     </span>
     <span class='ocr_line' id='line_1_17' title="bbox 125 1760 1180 1862; baseline -0.008 -27"><span class='ocrx_word' id='word_1_136' title='bbox 125 1796 212 1862; x_wconf 78' lang='lat' dir='ltr'><strong>qrroe</strong></span> <span class='ocrx_word' id='word_1_137' title='bbox 230 1790 319 1836; x_wconf 78' lang='lat' dir='ltr'><strong>noco</strong></span> <span class='ocrx_word' id='word_1_138' title='bbox 334 1779 366 1833; x_wconf 81' lang='lat' dir='ltr'><strong>et</strong></span> <span class='ocrx_word' id='word_1_139' title='bbox 380 1766 567 1852; x_wconf 75' lang='lat' dir='ltr'><strong>improviso</strong></span> <span class='ocrx_word' id='word_1_140' title='bbox 591 1764 707 1830; x_wconf 85' lang='lat' dir='ltr'><strong>animo</strong></span> <span class='ocrx_word' id='word_1_141' title='bbox 730 1760 905 1828; x_wconf 81' lang='lat' dir='ltr'><strong>occidunt.</strong></span> <span class='ocrx_word' id='word_1_142' title='bbox 948 1763 1110 1827; x_wconf 85' lang='lat' dir='ltr'><strong>Asconius</strong></span> <span class='ocrx_word' id='word_1_143' title='bbox 1136 1762 1180 1828; x_wconf 83' lang='lat' dir='ltr'><strong>od</strong></span> 
     </span>
     <span class='ocr_line' id='line_1_18' title="bbox 127 1847 1196 1934; baseline -0.01 -11"><span class='ocrx_word' id='word_1_144' title='bbox 127 1860 195 1924; x_wconf 87' lang='lat' dir='ltr'><strong>Cic.</strong></span> <span class='ocrx_word' id='word_1_145' title='bbox 220 1857 254 1920; x_wconf 87' lang='lat' dir='ltr'><strong>in</strong></span> <span class='ocrx_word' id='word_1_146' title='bbox 275 1855 371 1919; x_wconf 83' lang='lat' dir='ltr'><strong>Verr.</strong></span> <span class='ocrx_word' id='word_1_147' title='bbox 394 1854 465 1917; x_wconf 80' lang='lat' dir='ltr'><strong>Act.</strong></span> <span class='ocrx_word' id='word_1_148' title='bbox 492 1856 529 1927; x_wconf 84' lang='lat'><strong>1,</strong></span> <span class='ocrx_word' id='word_1_149' title='bbox 552 1854 665 1931; x_wconf 85' lang='lat'><strong>6,17.</strong></span> <span class='ocrx_word' id='word_1_150' title='bbox 692 1872 766 1914; x_wconf 78' lang='grc' dir='ltr'><strong>εσσε</strong></span> <span class='ocrx_word' id='word_1_151' title='bbox 789 1860 905 1913; x_wconf 83' lang='lat' dir='ltr'><strong>autem</strong></span> <span class='ocrx_word' id='word_1_152' title='bbox 934 1859 1073 1934; x_wconf 82' lang='lat' dir='ltr'><strong>repente</strong></span> <span class='ocrx_word' id='word_1_153' title='bbox 1095 1847 1196 1913; x_wconf 79' lang='lat' dir='ltr'><strong>haec·</strong></span> 
     </span>
     <span class='ocr_line' id='line_1_19' title="bbox 126 1932 1286 2026; baseline -0.01 -18"><span class='ocrx_word' id='word_1_154' title='bbox 126 1942 271 2009; x_wconf 80' lang='lat' dir='ltr'><strong>notovit:</strong></span> <span class='ocrx_word' id='word_1_155' title='bbox 291 1938 548 2026; x_wconf 81' lang='lat' dir='ltr'><strong>propriumlroc</strong></span> <span class='ocrx_word' id='word_1_156' title='bbox 564 1935 739 2001; x_wconf 75' lang='lat' dir='ltr'><strong>Ciceronis</strong></span> <span class='ocrx_word' id='word_1_157' title='bbox 757 1945 807 1999; x_wconf 82' lang='lat' dir='ltr'><strong>est</strong></span> <span class='ocrx_word' id='word_1_158' title='bbox 830 1935 869 1999; x_wconf 89' lang='lat' dir='ltr'><strong>in</strong></span> <span class='ocrx_word' id='word_1_159' title='bbox 890 1932 987 1999; x_wconf 82' lang='lat' dir='ltr'><strong>rebus</strong></span> <span class='ocrx_word' id='word_1_160' title='bbox 1011 1935 1182 2020; x_wconf 79' lang='lat' dir='ltr'><strong>improoi-</strong></span> <span class='ocrx_word' id='word_1_161' title='bbox 1282 1996 1286 2009; x_wconf 77' lang='grc'><strong>,</strong></span> 
     </span>
     <span class='ocr_line' id='line_1_20' title="bbox 127 2018 1183 2109; baseline -0.009 -15"><span class='ocrx_word' id='word_1_162' title='bbox 127 2031 185 2094; x_wconf 88' lang='lat' dir='ltr'><strong>sis.</strong></span> <span class='ocrx_word' id='word_1_163' title='bbox 234 2023 335 2108; x_wconf 82' lang='lat' dir='ltr'><strong>Quod</strong></span> <span class='ocrx_word' id='word_1_164' title='bbox 360 2044 436 2086; x_wconf 85' lang='lat' dir='ltr'><strong>curn</strong></span> <span class='ocrx_word' id='word_1_165' title='bbox 456 2044 541 2088; x_wconf 85' lang='lat' dir='ltr'><strong>curo</strong></span> <span class='ocrx_word' id='word_1_166' title='bbox 567 2018 744 2109; x_wconf 78' lang='lat' dir='ltr'><strong>Virgilius</strong></span> <span class='ocrx_word' id='word_1_167' title='bbox 768 2032 801 2085; x_wconf 83' lang='lat' dir='ltr'><strong>et</strong></span> <span class='ocrx_word' id='word_1_168' title='bbox 824 2021 911 2108; x_wconf 82' lang='lat' dir='ltr'><strong>legit</strong></span> <span class='ocrx_word' id='word_1_169' title='bbox 933 2032 966 2084; x_wconf 88' lang='lat' dir='ltr'><strong>et</strong></span> <span class='ocrx_word' id='word_1_170' title='bbox 988 2019 1183 2101; x_wconf 75' lang='lat' dir='ltr'><strong>transtulit,</strong></span> 
     </span>
     <span class='ocr_line' id='line_1_21' title="bbox 128 2104 1183 2202; baseline -0.009 -23"><span class='ocrx_word' id='word_1_171' title='bbox 128 2128 165 2180; x_wconf 84' lang='lat' dir='ltr'><strong>nt</strong></span> <span class='ocrx_word' id='word_1_172' title='bbox 182 2115 276 2202; x_wconf 83' lang='lat' dir='ltr'><strong>(Aen.</strong></span> <span class='ocrx_word' id='word_1_173' title='bbox 292 2117 331 2188; x_wconf 80' lang='lat'><strong>2,</strong></span> <span class='ocrx_word' id='word_1_174' title='bbox 354 2107 462 2194; x_wconf 78' lang='lat'><strong>203.)‚</strong></span> <span class='ocrx_word' id='word_1_175' title='bbox 479 2106 554 2175; x_wconf 84' lang='lat' dir='ltr'><strong>&#39;ecce</strong></span> <span class='ocrx_word' id='word_1_176' title='bbox 571 2118 687 2173; x_wconf 85' lang='lat' dir='ltr'><strong>autem</strong></span> <span class='ocrx_word' id='word_1_177' title='bbox 698 2106 835 2194; x_wconf 81' lang='lat' dir='ltr'><strong>gemini</strong></span> <span class='ocrx_word' id='word_1_178' title='bbox 852 2129 876 2169; x_wconf 87' lang='lat' dir='ltr'><strong><em>a</em></strong></span> <span class='ocrx_word' id='word_1_179' title='bbox 894 2104 1042 2171; x_wconf 85' lang='lat' dir='ltr'><strong>Tenedo.</strong></span> <span class='ocrx_word' id='word_1_180' title='bbox 1075 2104 1183 2186; x_wconf 84' lang='lat' dir='ltr'><strong>Quusi</strong></span> 
     </span>
     <span class='ocr_line' id='line_1_22' title="bbox 130 2191 1185 2288; baseline -0.009 -23"><span class='ocrx_word' id='word_1_181' title='bbox 130 2200 221 2288; x_wconf 90' lang='lat' dir='ltr'><strong>quod</strong></span> <span class='ocrx_word' id='word_1_182' title='bbox 246 2217 289 2260; x_wconf 86' lang='lat' dir='ltr'><strong>ex</strong></span> <span class='ocrx_word' id='word_1_183' title='bbox 318 2194 491 2258; x_wconf 88' lang='lat' dir='ltr'><strong>communi</strong></span> <span class='ocrx_word' id='word_1_184' title='bbox 517 2193 670 2257; x_wconf 90' lang='lat' dir='ltr'><strong>omnium</strong></span> <span class='ocrx_word' id='word_1_185' title='bbox 698 2191 937 2256; x_wconf 84' lang='lat' dir='ltr'><strong>consuetudine</strong></span> <span class='ocrx_word' id='word_1_186' title='bbox 966 2193 1185 2278; x_wconf 86' lang='lat' dir='ltr'><strong>desumptum</strong></span> 
     </span>
     <span class='ocr_line' id='line_1_23' title="bbox 130 2277 1186 2366; baseline -0.009 -14"><span class='ocrx_word' id='word_1_187' title='bbox 130 2296 218 2366; x_wconf 83' lang='lat' dir='ltr'><strong>erat,</strong></span> <span class='ocrx_word' id='word_1_188' title='bbox 240 2281 299 2345; x_wconf 92' lang='lat' dir='ltr'><strong>uni</strong></span> <span class='ocrx_word' id='word_1_189' title='bbox 318 2278 468 2343; x_wconf 87' lang='lat' dir='ltr'><strong>Ciceroni</strong></span> <span class='ocrx_word' id='word_1_190' title='bbox 488 2278 674 2345; x_wconf 84' lang='lat' dir='ltr'><strong>deberetur.</strong></span> <span class='ocrx_word' id='word_1_191' title='bbox 713 2278 783 2343; x_wconf 87' lang='lat' dir='ltr'><strong>Nec</strong></span> <span class='ocrx_word' id='word_1_192' title='bbox 807 2288 933 2343; x_wconf 83' lang='lat' dir='ltr'><strong>tautum</strong></span> <span class='ocrx_word' id='word_1_193' title='bbox 956 2278 997 2342; x_wconf 90' lang='lat' dir='ltr'><strong>de</strong></span> <span class='ocrx_word' id='word_1_194' title='bbox 1015 2277 1186 2366; x_wconf 90' lang='lat' dir='ltr'><strong>improvi-</strong></span> 
     </span>
     <span class='ocr_line' id='line_1_24' title="bbox 130 2362 1187 2455; baseline -0.009 -17"><span class='ocrx_word' id='word_1_195' title='bbox 130 2373 174 2438; x_wconf 85' lang='lat' dir='ltr'><strong>sis</strong></span> <span class='ocrx_word' id='word_1_196' title='bbox 196 2374 394 2455; x_wconf 89' lang='lat' dir='ltr'><strong>usurputur,</strong></span> <span class='ocrx_word' id='word_1_197' title='bbox 429 2382 544 2430; x_wconf 83' lang='lat' dir='ltr'><strong>verum</strong></span> <span class='ocrx_word' id='word_1_198' title='bbox 566 2366 664 2430; x_wconf 86' lang='lat' dir='ltr'><strong>etium</strong></span> <span class='ocrx_word' id='word_1_199' title='bbox 686 2362 727 2431; x_wconf 90' lang='lat' dir='ltr'><strong>de</strong></span> <span class='ocrx_word' id='word_1_200' title='bbox 748 2362 848 2430; x_wconf 89' lang='lat' dir='ltr'><strong>rebus</strong></span> <span class='ocrx_word' id='word_1_201' title='bbox 866 2364 996 2451; x_wconf 87' lang='lat' dir='ltr'><strong>mugnis</strong></span> <span class='ocrx_word' id='word_1_202' title='bbox 1020 2373 1054 2429; x_wconf 87' lang='lat' dir='ltr'><strong>et</strong></span> <span class='ocrx_word' id='word_1_203' title='bbox 1078 2362 1187 2429; x_wconf 81' lang='lat' dir='ltr'><strong>mira·</strong></span> 
     </span>
     <span class='ocr_line' id='line_1_25' title="bbox 130 2455 664 2524; baseline -0.015 0"><span class='ocrx_word' id='word_1_204' title='bbox 130 2455 261 2524; x_wconf 88' lang='lat' dir='ltr'><strong>bilibus.</strong></span> <span class='ocrx_word' id='word_1_205' title='bbox 660 2512 664 2516; x_wconf 86' lang='lat'><strong>.</strong></span> 
     </span>
    </p>

    <p class='ocr_par' dir='ltr' id='par_1_4' title="bbox 234 2549 1189 2711">
     <span class='ocr_line' id='line_1_26' title="bbox 234 2549 954 2621; baseline -0.004 -11"><span class='ocrx_word' id='word_1_206' title='bbox 234 2556 321 2610; x_wconf 84' lang='lat' dir='ltr'><strong>Plant.</strong></span> <span class='ocrx_word' id='word_1_207' title='bbox 339 2552 433 2621; x_wconf 80' lang='lat' dir='ltr'><strong>Amph.</strong></span> <span class='ocrx_word' id='word_1_208' title='bbox 451 2549 485 2616; x_wconf 89' lang='grc'><strong>3,</strong></span> <span class='ocrx_word' id='word_1_209' title='bbox 503 2549 537 2619; x_wconf 88' lang='grc'><strong>2,</strong></span> <span class='ocrx_word' id='word_1_210' title='bbox 557 2551 600 2605; x_wconf 87' lang='grc'><strong>20.</strong></span> <span class='ocrx_word' id='word_1_211' title='bbox 616 2549 680 2607; x_wconf 76' lang='lat' dir='ltr'><strong>teia</strong></span> <span class='ocrx_word' id='word_1_212' title='bbox 694 2563 788 2609; x_wconf 81' lang='lat' dir='ltr'><strong>autem</strong></span> <span class='ocrx_word' id='word_1_213' title='bbox 803 2557 954 2610; x_wconf 78' lang='lat' dir='ltr'><strong>inimicos!</strong></span> 
     </span>
     <span class='ocr_line' id='line_1_27' title="bbox 236 2631 1189 2711; baseline -0.002 -18"><span class='ocrx_word' id='word_1_214' title='bbox 236 2642 321 2695; x_wconf 84' lang='lat' dir='ltr'><strong>Plant.</strong></span> <span class='ocrx_word' id='word_1_215' title='bbox 341 2640 412 2689; x_wconf 89' lang='lat' dir='ltr'><strong>Men.</strong></span> <span class='ocrx_word' id='word_1_216' title='bbox 430 2635 463 2701; x_wconf 84' lang='lat'><strong>5,</strong></span> <span class='ocrx_word' id='word_1_217' title='bbox 481 2635 516 2701; x_wconf 88' lang='grc'><strong>2,</strong></span> <span class='ocrx_word' id='word_1_218' title='bbox 534 2635 577 2692; x_wconf 98' lang='grc'><strong>34.</strong></span> <span class='ocrx_word' id='word_1_219' title='bbox 601 2657 660 2692; x_wconf 83' lang='lat' dir='ltr'><strong>ecee</strong></span> <span class='ocrx_word' id='word_1_220' title='bbox 677 2649 770 2693; x_wconf 85' lang='lat' dir='ltr'><strong>autem</strong></span> <span class='ocrx_word' id='word_1_221' title='bbox 790 2639 923 2711; x_wconf 82' lang='lat' dir='ltr'><strong>litigium.</strong></span> <span class='ocrx_word' id='word_1_222' title='bbox 958 2639 1035 2690; x_wconf 81' lang='lat' dir='ltr'><strong>Cure.</strong></span> <span class='ocrx_word' id='word_1_223' title='bbox 1054 2636 1081 2700; x_wconf 93' lang='grc'><strong>1,</strong></span> <span class='ocrx_word' id='word_1_224' title='bbox 1097 2635 1124 2701; x_wconf 84' lang='grc'><strong>2,</strong></span> <span class='ocrx_word' id='word_1_225' title='bbox 1142 2631 1189 2691; x_wconf 89' lang='grc'><strong>41.</strong></span> 
     </span>
    </p>

    <p class='ocr_par' dir='ltr' id='par_1_5' title="bbox 202 2721 1192 2793">
     <span class='ocr_line' id='line_1_28' title="bbox 202 2721 1192 2793; baseline -0.009 -12"><span class='ocrx_word' id='word_1_226' title='bbox 202 2747 265 2782; x_wconf 84' lang='lat' dir='ltr'><strong>ecce</strong></span> <span class='ocrx_word' id='word_1_227' title='bbox 286 2721 470 2778; x_wconf 69' lang='lat' dir='ltr'><strong>antemittit</strong></span> <span class='ocrx_word' id='word_1_228' title='bbox 490 2721 686 2793; x_wconf 81' lang='lat' dir='ltr'><strong>arcssrpluet</strong></span> <span class='ocrx_word' id='word_1_229' title='bbox 711 2724 792 2779; x_wconf 82' lang='lat' dir='ltr'><strong>credo</strong></span> <span class='ocrx_word' id='word_1_230' title='bbox 816 2723 906 2780; x_wconf 78' lang='lat' dir='ltr'><strong>hercle</strong></span> <span class='ocrx_word' id='word_1_231' title='bbox 929 2723 1024 2778; x_wconf 77' lang='lat' dir='ltr'><strong>hodie.</strong></span> <span class='ocrx_word' id='word_1_232' title='bbox 1058 2723 1141 2774; x_wconf 86' lang='lat' dir='ltr'><strong>Most.</strong></span> <span class='ocrx_word' id='word_1_233' title='bbox 1160 2722 1192 2787; x_wconf 75' lang='grc'><strong>2,</strong></span> 
     </span>
    </p>

    <p class='ocr_par' dir='ltr' id='par_1_6' title="bbox 203 2802 1203 2889">
     <span class='ocr_line' id='line_1_29' title="bbox 203 2802 1203 2889; baseline -0.006 -24"><span class='ocrx_word' id='word_1_234' title='bbox 203 2812 236 2879; x_wconf 91' lang='grc'><strong>1,</strong></span> <span class='ocrx_word' id='word_1_235' title='bbox 250 2807 294 2865; x_wconf 90' lang='grc'><strong>35.</strong></span> <span class='ocrx_word' id='word_1_236' title='bbox 315 2808 379 2889; x_wconf 63' lang='lat' dir='ltr'><strong>dm·</strong></span> <span class='ocrx_word' id='word_1_237' title='bbox 393 2808 420 2872; x_wconf 70' lang='lat'><strong>2,</strong></span> <span class='ocrx_word' id='word_1_238' title='bbox 436 2806 462 2870; x_wconf 72' lang='lat'><strong>2,</strong></span> <span class='ocrx_word' id='word_1_239' title='bbox 481 2802 525 2858; x_wconf 88' lang='grc'><strong>48.</strong></span> <span class='ocrx_word' id='word_1_240' title='bbox 550 2809 631 2859; x_wconf 89' lang='lat' dir='ltr'><strong>Most.</strong></span> <span class='ocrx_word' id='word_1_241' title='bbox 650 2807 677 2873; x_wconf 91' lang='grc'><strong>3,</strong></span> <span class='ocrx_word' id='word_1_242' title='bbox 696 2809 877 2875; x_wconf 79' lang='lat' dir='ltr'><strong>1,131.rccs</strong></span> <span class='ocrx_word' id='word_1_243' title='bbox 900 2821 995 2864; x_wconf 84' lang='lat' dir='ltr'><strong>autem</strong></span> <span class='ocrx_word' id='word_1_244' title='bbox 1014 2808 1096 2880; x_wconf 79' lang='lat' dir='ltr'><strong>perii.</strong></span> <span class='ocrx_word' id='word_1_245' title='bbox 1127 2805 1203 2860; x_wconf 81' lang='grc'><strong>146..</strong></span> 
     </span>
    </p>

    <p class='ocr_par' dir='ltr' id='par_1_7' title="bbox 204 2886 1188 2967">
     <span class='ocr_line' id='line_1_30' title="bbox 204 2886 1188 2967; baseline -0.004 -17"><span class='ocrx_word' id='word_1_246' title='bbox 204 2915 264 2951; x_wconf 82' lang='lat' dir='ltr'><strong>eccs</strong></span> <span class='ocrx_word' id='word_1_247' title='bbox 288 2886 383 2946; x_wconf 76' lang='lat' dir='ltr'><strong>cirtem</strong></span> <span class='ocrx_word' id='word_1_248' title='bbox 415 2895 515 2946; x_wconf 83' lang='lat' dir='ltr'><strong>iterum</strong></span> <span class='ocrx_word' id='word_1_249' title='bbox 543 2912 615 2945; x_wconf 85' lang='lat' dir='ltr'><strong>nunc</strong></span> <span class='ocrx_word' id='word_1_250' title='bbox 640 2893 708 2963; x_wconf 81' lang='lat' dir='ltr'><strong>quid</strong></span> <span class='ocrx_word' id='word_1_251' title='bbox 732 2912 784 2967; x_wconf 81' lang='lat' dir='ltr'><strong>ego</strong></span> <span class='ocrx_word' id='word_1_252' title='bbox 813 2895 907 2952; x_wconf 78' lang='lat' dir='ltr'><strong>diram</strong></span> <span class='ocrx_word' id='word_1_253' title='bbox 925 2899 1028 2953; x_wconf 82' lang='lat' dir='ltr'><strong>nescio.</strong></span> <span class='ocrx_word' id='word_1_254' title='bbox 1076 2895 1188 2946; x_wconf 83' lang='lat' dir='ltr'><strong>Terent.</strong></span> 
     </span>
    </p>

    <p class='ocr_par' dir='ltr' id='par_1_8' title="bbox 204 2976 1194 3043">
     <span class='ocr_line' id='line_1_31' title="bbox 204 2976 1194 3043; baseline -0.009 -8"><span class='ocrx_word' id='word_1_255' title='bbox 204 2983 271 3036; x_wconf 80' lang='lat' dir='ltr'><strong>Eun.</strong></span> <span class='ocrx_word' id='word_1_256' title='bbox 286 2979 320 3043; x_wconf 91' lang='grc'><strong>2,</strong></span> <span class='ocrx_word' id='word_1_257' title='bbox 337 2977 371 3042; x_wconf 89' lang='grc'><strong>3,</strong></span> <span class='ocrx_word' id='word_1_258' title='bbox 388 2976 414 3029; x_wconf 87' lang='grc'><strong>6.</strong></span> <span class='ocrx_word' id='word_1_259' title='bbox 434 2977 479 3029; x_wconf 89' lang='lat' dir='ltr'><strong>ubi</strong></span> <span class='ocrx_word' id='word_1_260' title='bbox 500 2977 553 3030; x_wconf 80' lang='lat' dir='ltr'><strong>rid.</strong></span> <span class='ocrx_word' id='word_1_261' title='bbox 570 2978 709 3031; x_wconf 81' lang='lat' dir='ltr'><strong>Ruhnken.</strong></span> <span class='ocrx_word' id='word_1_262' title='bbox 767 3010 772 3025; x_wconf 86' lang='lat'><strong>·</strong></span> <span class='ocrx_word' id='word_1_263' title='bbox 1191 3034 1194 3041; x_wconf 32' lang='grc' dir='ltr'>Ι</span> 
     </span>
    </p>

    <p class='ocr_par' dir='ltr' id='par_1_9' title="bbox 249 3059 1191 3138">
     <span class='ocr_line' id='line_1_32' title="bbox 249 3059 1191 3138; baseline 0 -20"><span class='ocrx_word' id='word_1_264' title='bbox 249 3067 332 3119; x_wconf 82' lang='lat' dir='ltr'><strong>Plaut.</strong></span> <span class='ocrx_word' id='word_1_265' title='bbox 350 3062 409 3117; x_wconf 83' lang='lat' dir='ltr'><strong>Mil.</strong></span> <span class='ocrx_word' id='word_1_266' title='bbox 432 3062 467 3128; x_wconf 90' lang='grc'><strong>2,</strong></span> <span class='ocrx_word' id='word_1_267' title='bbox 490 3061 525 3126; x_wconf 89' lang='grc'><strong>2,</strong></span> <span class='ocrx_word' id='word_1_268' title='bbox 551 3059 594 3115; x_wconf 90' lang='grc'><strong>52.</strong></span> <span class='ocrx_word' id='word_1_269' title='bbox 619 3083 708 3118; x_wconf 83' lang='lat' dir='ltr'><strong>eccere</strong></span> <span class='ocrx_word' id='word_1_270' title='bbox 728 3073 821 3118; x_wconf 83' lang='lat' dir='ltr'><strong>autern</strong></span> <span class='ocrx_word' id='word_1_271' title='bbox 844 3076 1039 3138; x_wconf 73' lang='lat' dir='ltr'><strong>capotuerat.</strong></span> <span class='ocrx_word' id='word_1_272' title='bbox 1071 3062 1191 3130; x_wconf 77' lang='lat' dir='ltr'><strong>Pers.2,</strong></span> 
     </span>
    </p>
   </div>
   <div class='ocr_carea' id='block_1_4' title="bbox 193 3146 1283 4152">
    <p class='ocr_par' dir='ltr' id='par_1_10' title="bbox 206 3146 1255 3290">
     <span class='ocr_line' id='line_1_33' title="bbox 206 3146 1255 3225; baseline 0.005 -24"><span class='ocrx_word' id='word_1_273' title='bbox 206 3149 241 3215; x_wconf 92' lang='grc'><strong>4,</strong></span> <span class='ocrx_word' id='word_1_274' title='bbox 264 3150 307 3203; x_wconf 87' lang='grc'><strong>29.</strong></span> <span class='ocrx_word' id='word_1_275' title='bbox 343 3150 398 3202; x_wconf 84' lang='lat' dir='ltr'><strong>Cic.</strong></span> <span class='ocrx_word' id='word_1_276' title='bbox 423 3167 451 3219; x_wconf 90' lang='lat' dir='ltr'><strong>p.</strong></span> <span class='ocrx_word' id='word_1_277' title='bbox 468 3150 537 3201; x_wconf 88' lang='lat' dir='ltr'><strong>Mur.</strong></span> <span class='ocrx_word' id='word_1_278' title='bbox 560 3146 612 3214; x_wconf 86' lang='grc'><strong>33,</strong></span> <span class='ocrx_word' id='word_1_279' title='bbox 637 3147 680 3201; x_wconf 88' lang='grc'><strong>68.</strong></span> <span class='ocrx_word' id='word_1_280' title='bbox 707 3150 895 3205; x_wconf 77' lang='lat' dir='ltr'><strong>seruientem</strong></span> <span class='ocrx_word' id='word_1_281' title='bbox 912 3169 970 3206; x_wconf 82' lang='lat' dir='ltr'><strong>non</strong></span> <span class='ocrx_word' id='word_1_282' title='bbox 992 3151 1127 3225; x_wconf 73' lang='lat' dir='ltr'><strong>proditer</strong></span> <span class='ocrx_word' id='word_1_283' title='bbox 1149 3169 1192 3206; x_wconf 82' lang='lat' dir='ltr'><strong>re·</strong></span> <span class='ocrx_word' id='word_1_284' title='bbox 1252 3166 1255 3171; x_wconf 88' lang='lat'>&#39;</span> 
     </span>
     <span class='ocr_line' id='line_1_34' title="bbox 207 3236 803 3290; baseline 0 0"><span class='ocrx_word' id='word_1_285' title='bbox 207 3236 351 3290; x_wconf 75' lang='lat' dir='ltr'><strong>vertenti?</strong></span> <span class='ocrx_word' id='word_1_286' title='bbox 800 3283 803 3290; x_wconf 92' lang='lat'><strong>.</strong></span> 
     </span>
    </p>

    <p class='ocr_par' dir='ltr' id='par_1_11' title="bbox 193 3313 1248 3885">
     <span class='ocr_line' id='line_1_35' title="bbox 245 3313 1192 3387; baseline 0.004 -17"><span class='ocrx_word' id='word_1_287' title='bbox 245 3319 301 3370; x_wconf 84' lang='lat' dir='ltr'><strong>Cic.</strong></span> <span class='ocrx_word' id='word_1_288' title='bbox 316 3337 343 3387; x_wconf 87' lang='lat' dir='ltr'><strong>p.</strong></span> <span class='ocrx_word' id='word_1_289' title='bbox 363 3319 464 3370; x_wconf 83' lang='lat' dir='ltr'><strong>cluent.</strong></span> <span class='ocrx_word' id='word_1_290' title='bbox 488 3314 521 3383; x_wconf 83' lang='lat'><strong>5,</strong></span> <span class='ocrx_word' id='word_1_291' title='bbox 545 3314 588 3372; x_wconf 91' lang='grc'><strong>14.</strong></span> <span class='ocrx_word' id='word_1_292' title='bbox 611 3335 670 3371; x_wconf 82' lang='lat' dir='ltr'><strong>eece</strong></span> <span class='ocrx_word' id='word_1_293' title='bbox 693 3324 788 3370; x_wconf 82' lang='lat' dir='ltr'><strong>auteur</strong></span> <span class='ocrx_word' id='word_1_294' title='bbox 815 3313 938 3371; x_wconf 78' lang='lat' dir='ltr'><strong>sobitum</strong></span> <span class='ocrx_word' id='word_1_295' title='bbox 965 3320 1129 3379; x_wconf 79' lang='lat' dir='ltr'><strong>divortium.</strong></span> <span class='ocrx_word' id='word_1_296' title='bbox 1162 3321 1192 3374; x_wconf 94' lang='lat' dir='ltr'><strong>in</strong></span> 
     </span>
     <span class='ocr_line' id='line_1_36' title="bbox 208 3400 1193 3474; baseline 0 -16"><span class='ocrx_word' id='word_1_297' title='bbox 208 3406 287 3458; x_wconf 73' lang='lat' dir='ltr'><strong>Merr.</strong></span> <span class='ocrx_word' id='word_1_298' title='bbox 307 3401 341 3466; x_wconf 83' lang='lat'><strong>5,</strong></span> <span class='ocrx_word' id='word_1_299' title='bbox 360 3400 410 3465; x_wconf 88' lang='grc'><strong>34,</strong></span> <span class='ocrx_word' id='word_1_300' title='bbox 430 3402 473 3455; x_wconf 90' lang='grc'><strong>87.</strong></span> <span class='ocrx_word' id='word_1_301' title='bbox 499 3423 558 3457; x_wconf 83' lang='lat' dir='ltr'><strong>scre</strong></span> <span class='ocrx_word' id='word_1_302' title='bbox 583 3414 677 3456; x_wconf 83' lang='lat' dir='ltr'><strong>antem</strong></span> <span class='ocrx_word' id='word_1_303' title='bbox 700 3401 911 3474; x_wconf 73' lang='lat' dir='ltr'><strong>repenta=ebri0</strong></span> <span class='ocrx_word' id='word_1_304' title='bbox 942 3403 1104 3469; x_wconf 80' lang='lat' dir='ltr'><strong>Cleomene,</strong></span> <span class='ocrx_word' id='word_1_305' title='bbox 1132 3423 1193 3459; x_wconf 82' lang='lat' dir='ltr'><strong>esu·</strong></span> 
     </span>
     <span class='ocr_line' id='line_1_37' title="bbox 208 3487 1194 3564; baseline 0.001 -20"><span class='ocrx_word' id='word_1_306' title='bbox 208 3487 345 3545; x_wconf 81' lang='lat' dir='ltr'><strong>risntibur</strong></span> <span class='ocrx_word' id='word_1_307' title='bbox 370 3490 465 3542; x_wconf 81' lang='lat' dir='ltr'><strong>ceteris</strong></span> <span class='ocrx_word' id='word_1_308' title='bbox 494 3493 641 3545; x_wconf 84' lang='lat' dir='ltr'><strong>nuntiatur</strong></span> <span class='ocrx_word' id='word_1_309' title='bbox 669 3493 825 3558; x_wconf 81' lang='lat' dir='ltr'><strong>piratarum</strong></span> <span class='ocrx_word' id='word_1_310' title='bbox 850 3505 937 3542; x_wconf 83' lang='lat' dir='ltr'><strong>naves</strong></span> <span class='ocrx_word' id='word_1_311' title='bbox 967 3506 1025 3545; x_wconf 83' lang='lat' dir='ltr'><strong>esre</strong></span> <span class='ocrx_word' id='word_1_312' title='bbox 1051 3493 1080 3543; x_wconf 89' lang='lat' dir='ltr'><strong>in</strong></span> <span class='ocrx_word' id='word_1_313' title='bbox 1107 3501 1194 3564; x_wconf 84' lang='lat' dir='ltr'><strong>portu</strong></span> 
     </span>
     <span class='ocr_line' id='line_1_38' title="bbox 211 3571 1194 3644; baseline 0.002 -14"><span class='ocrx_word' id='word_1_314' title='bbox 211 3574 343 3630; x_wconf 72' lang='lat' dir='ltr'><strong>Edissere.</strong></span> <span class='ocrx_word' id='word_1_315' title='bbox 378 3571 464 3638; x_wconf 86' lang='grc'><strong>4,6,</strong></span> <span class='ocrx_word' id='word_1_316' title='bbox 485 3573 544 3626; x_wconf 86' lang='grc'><strong>148.</strong></span> <span class='ocrx_word' id='word_1_317' title='bbox 571 3576 603 3627; x_wconf 92' lang='lat' dir='ltr'><strong>de</strong></span> <span class='ocrx_word' id='word_1_318' title='bbox 627 3575 691 3643; x_wconf 86' lang='lat' dir='ltr'><strong>Leg.</strong></span> <span class='ocrx_word' id='word_1_319' title='bbox 712 3575 745 3638; x_wconf 92' lang='lat'><strong>1,</strong></span> <span class='ocrx_word' id='word_1_320' title='bbox 764 3576 800 3640; x_wconf 89' lang='grc'><strong>2,</strong></span> <span class='ocrx_word' id='word_1_321' title='bbox 822 3573 848 3627; x_wconf 90' lang='grc'><strong>5.</strong></span> <span class='ocrx_word' id='word_1_322' title='bbox 873 3575 906 3627; x_wconf 89' lang='lat' dir='ltr'><strong>de</strong></span> <span class='ocrx_word' id='word_1_323' title='bbox 929 3576 996 3644; x_wconf 80' lang='lat' dir='ltr'><strong>Rep.</strong></span> <span class='ocrx_word' id='word_1_324' title='bbox 1015 3575 1049 3638; x_wconf 88' lang='lat'><strong>1,</strong></span> <span class='ocrx_word' id='word_1_325' title='bbox 1067 3574 1111 3629; x_wconf 87' lang='grc'><strong>35.</strong></span> <span class='ocrx_word' id='word_1_326' title='bbox 1133 3597 1194 3632; x_wconf 81' lang='lat' dir='ltr'><strong>eece</strong></span> 
     </span>
     <span class='ocr_line' id='line_1_39' title="bbox 210 3658 1193 3731; baseline 0 -16"><span class='ocrx_word' id='word_1_327' title='bbox 210 3671 303 3715; x_wconf 81' lang='lat' dir='ltr'><strong>cutem</strong></span> <span class='ocrx_word' id='word_1_328' title='bbox 329 3662 453 3713; x_wconf 78' lang='lat' dir='ltr'><strong>maxima</strong></span> <span class='ocrx_word' id='word_1_329' title='bbox 478 3675 546 3712; x_wconf 84' lang='lat' dir='ltr'><strong>voce</strong></span> <span class='ocrx_word' id='word_1_330' title='bbox 571 3658 677 3712; x_wconf 85' lang='lat' dir='ltr'><strong>clamat</strong></span> <span class='ocrx_word' id='word_1_331' title='bbox 699 3659 834 3731; x_wconf 81' lang='lat' dir='ltr'><strong>populus.</strong></span> <span class='ocrx_word' id='word_1_332' title='bbox 868 3664 942 3712; x_wconf 81' lang='lat' dir='ltr'><strong>orat.</strong></span> <span class='ocrx_word' id='word_1_333' title='bbox 959 3659 993 3722; x_wconf 90' lang='lat'><strong>9,</strong></span> <span class='ocrx_word' id='word_1_334' title='bbox 1019 3660 1063 3715; x_wconf 84' lang='grc'><strong>30.</strong></span> <span class='ocrx_word' id='word_1_335' title='bbox 1100 3663 1193 3715; x_wconf 81' lang='lat' dir='ltr'><strong>Resti-</strong></span> 
     </span>
     <span class='ocr_line' id='line_1_40' title="bbox 193 3736 1248 3809; baseline 0.004 -11"><span class='ocrx_word' id='word_1_336' title='bbox 193 3736 320 3798; x_wconf 81' lang='lat' dir='ltr'><strong>¹tuerunt</strong></span> <span class='ocrx_word' id='word_1_337' title='bbox 336 3743 422 3796; x_wconf 87' lang='lat' dir='ltr'><strong>critici</strong></span> <span class='ocrx_word' id='word_1_338' title='bbox 439 3744 468 3794; x_wconf 93' lang='lat' dir='ltr'><strong>in</strong></span> <span class='ocrx_word' id='word_1_339' title='bbox 485 3744 542 3795; x_wconf 83' lang='lat' dir='ltr'><strong>Liv.</strong></span> <span class='ocrx_word' id='word_1_340' title='bbox 559 3741 592 3808; x_wconf 86' lang='grc'><strong>7,</strong></span> <span class='ocrx_word' id='word_1_341' title='bbox 608 3743 660 3809; x_wconf 91' lang='grc'><strong>35,</strong></span> <span class='ocrx_word' id='word_1_342' title='bbox 678 3744 721 3798; x_wconf 90' lang='grc'><strong>10.</strong></span> <span class='ocrx_word' id='word_1_343' title='bbox 739 3764 800 3800; x_wconf 79' lang='lat' dir='ltr'><strong>eccs</strong></span> <span class='ocrx_word' id='word_1_344' title='bbox 818 3755 914 3800; x_wconf 82' lang='lat' dir='ltr'><strong>autem</strong></span> <span class='ocrx_word' id='word_1_345' title='bbox 931 3743 1016 3800; x_wconf 79' lang='lat' dir='ltr'><strong>aliud</strong></span> <span class='ocrx_word' id='word_1_346' title='bbox 1034 3746 1126 3799; x_wconf 82' lang='lat' dir='ltr'><strong>minus</strong></span> <span class='ocrx_word' id='word_1_347' title='bbox 1144 3746 1194 3802; x_wconf 77' lang='lat' dir='ltr'><strong>du·</strong></span> <span class='ocrx_word' id='word_1_348' title='bbox 1245 3786 1248 3793; x_wconf 87' lang='lat'>·</span> 
     </span>
     <span class='ocr_line' id='line_1_41' title="bbox 212 3826 764 3885; baseline -0.009 1"><span class='ocrx_word' id='word_1_349' title='bbox 212 3830 301 3885; x_wconf 79' lang='lat' dir='ltr'><strong>dium.</strong></span> <span class='ocrx_word' id='word_1_350' title='bbox 313 3828 359 3880; x_wconf 91' lang='lat' dir='ltr'><strong>nbi</strong></span> <span class='ocrx_word' id='word_1_351' title='bbox 376 3826 429 3879; x_wconf 85' lang='lat' dir='ltr'><strong>rid.</strong></span> <span class='ocrx_word' id='word_1_352' title='bbox 450 3829 567 3881; x_wconf 84' lang='lat' dir='ltr'><strong>Gronov.</strong></span> <span class='ocrx_word' id='word_1_353' title='bbox 586 3839 614 3880; x_wconf 88' lang='lat' dir='ltr'><strong>et</strong></span> <span class='ocrx_word' id='word_1_354' title='bbox 630 3829 764 3881; x_wconf 88' lang='lat' dir='ltr'><strong>Drakenb.</strong></span> 
     </span>
    </p>

    <p class='ocr_par' dir='ltr' id='par_1_12' title="bbox 213 3912 1283 4152">
     <span class='ocr_line' id='line_1_42' title="bbox 247 3912 1283 3986; baseline 0.002 -19"><span class='ocrx_word' id='word_1_355' title='bbox 247 3917 382 3983; x_wconf 84' lang='lat' dir='ltr'><strong>Nusquam</strong></span> <span class='ocrx_word' id='word_1_356' title='bbox 405 3912 458 3980; x_wconf 87' lang='lat' dir='ltr'><strong>legi</strong></span> <span class='ocrx_word' id='word_1_357' title='bbox 484 3932 539 3986; x_wconf 80' lang='lat' dir='ltr'><strong>ogs</strong></span> <span class='ocrx_word' id='word_1_358' title='bbox 563 3924 673 3979; x_wconf 78' lang='lat' dir='ltr'><strong>autern,</strong></span> <span class='ocrx_word' id='word_1_359' title='bbox 703 3915 849 3967; x_wconf 84' lang='lat' dir='ltr'><strong>observavit</strong></span> <span class='ocrx_word' id='word_1_360' title='bbox 875 3917 1000 3969; x_wconf 81' lang='lat' dir='ltr'><strong>Laurent.</strong></span> <span class='ocrx_word' id='word_1_361' title='bbox 1024 3914 1117 3969; x_wconf 88' lang='lat' dir='ltr'><strong>Valla:</strong></span> <span class='ocrx_word' id='word_1_362' title='bbox 1143 3930 1195 3968; x_wconf 85' lang='lat' dir='ltr'><strong>nec</strong></span> <span class='ocrx_word' id='word_1_363' title='bbox 1280 3928 1283 3933; x_wconf 86' lang='lat'>&#39;</span> 
     </span>
     <span class='ocr_line' id='line_1_43' title="bbox 215 3997 1195 4068; baseline 0.003 -20"><span class='ocrx_word' id='word_1_364' title='bbox 215 3997 290 4050; x_wconf 84' lang='lat' dir='ltr'><strong>deest</strong></span> <span class='ocrx_word' id='word_1_365' title='bbox 306 4015 410 4049; x_wconf 83' lang='lat' dir='ltr'><strong>caussa:</strong></span> <span class='ocrx_word' id='word_1_366' title='bbox 436 4016 496 4050; x_wconf 88' lang='lat' dir='ltr'><strong>num</strong></span> <span class='ocrx_word' id='word_1_367' title='bbox 518 3999 690 4068; x_wconf 84' lang='lat' dir='ltr'><strong>promovendi</strong></span> <span class='ocrx_word' id='word_1_368' title='bbox 710 4010 738 4052; x_wconf 87' lang='lat' dir='ltr'><strong>et</strong></span> <span class='ocrx_word' id='word_1_369' title='bbox 758 4000 892 4052; x_wconf 82' lang='lat' dir='ltr'><strong>excitandi</strong></span> <span class='ocrx_word' id='word_1_370' title='bbox 916 4010 1025 4054; x_wconf 88' lang='lat' dir='ltr'><strong>conatus</strong></span> <span class='ocrx_word' id='word_1_371' title='bbox 1051 4015 1106 4051; x_wconf 85' lang='lat' dir='ltr'><strong>nou</strong></span> <span class='ocrx_word' id='word_1_372' title='bbox 1125 4016 1195 4051; x_wconf 89' lang='lat' dir='ltr'><strong>con-</strong></span> 
     </span>
     <span class='ocr_line' id='line_1_44' title="bbox 213 4081 1196 4152; baseline 0.006 -18"><span class='ocrx_word' id='word_1_373' title='bbox 213 4084 286 4152; x_wconf 75' lang='lat' dir='ltr'><strong>gruit</strong></span> <span class='ocrx_word' id='word_1_374' title='bbox 302 4081 479 4152; x_wconf 86' lang='lat' dir='ltr'><strong>oppositioni,</strong></span> <span class='ocrx_word' id='word_1_375' title='bbox 497 4082 574 4134; x_wconf 88' lang='lat' dir='ltr'><strong>sicuti</strong></span> <span class='ocrx_word' id='word_1_376' title='bbox 591 4094 722 4136; x_wconf 87' lang='lat' dir='ltr'><strong>nostrates</strong></span> <span class='ocrx_word' id='word_1_377' title='bbox 740 4086 810 4138; x_wconf 89' lang='lat' dir='ltr'><strong>haud</strong></span> <span class='ocrx_word' id='word_1_378' title='bbox 827 4084 906 4140; x_wconf 80' lang='lat' dir='ltr'><strong>facile</strong></span> <span class='ocrx_word' id='word_1_379' title='bbox 925 4088 1017 4141; x_wconf 87' lang='lat' dir='ltr'><strong>dicunt</strong></span> <span class='ocrx_word' id='word_1_380' title='bbox 1036 4082 1131 4136; x_wconf 84' lang='lat' dir='ltr'><strong>wolon</strong></span> <span class='ocrx_word' id='word_1_381' title='bbox 1145 4082 1196 4140; x_wconf 84' lang='lat' dir='ltr'><strong>da·</strong></span> 
     </span>
    </p>
   </div>
   <div class='ocr_carea' id='block_1_5' title="bbox 214 4163 1134 4244">
    <p class='ocr_par' dir='ltr' id='par_1_13' title="bbox 214 4163 1134 4244">
     <span class='ocr_line' id='line_1_45' title="bbox 214 4163 1134 4244; baseline 0.003 -24"><span class='ocrx_word' id='word_1_382' title='bbox 214 4182 311 4240; x_wconf 77' lang='lat' dir='ltr'><strong>gagen.</strong></span> <span class='ocrx_word' id='word_1_383' title='bbox 329 4167 400 4221; x_wconf 88' lang='lat' dir='ltr'><strong>conf.</strong></span> <span class='ocrx_word' id='word_1_384' title='bbox 418 4184 447 4238; x_wconf 82' lang='lat' dir='ltr'><strong>p.</strong></span> <span class='ocrx_word' id='word_1_385' title='bbox 464 4166 525 4223; x_wconf 85' lang='grc'><strong>211.</strong></span> <span class='ocrx_word' id='word_1_386' title='bbox 559 4169 656 4224; x_wconf 80' lang='lat' dir='ltr'><strong>Graeci</strong></span> <span class='ocrx_word' id='word_1_387' title='bbox 673 4181 798 4242; x_wconf 84' lang='lat' dir='ltr'><strong>usurpant</strong></span> <span class='ocrx_word' id='word_1_388' title='bbox 816 4164 866 4242; x_wconf 79' lang='grc' dir='ltr'><strong>ἄγε</strong></span> <span class='ocrx_word' id='word_1_389' title='bbox 887 4169 941 4242; x_wconf 76' lang='lat' dir='ltr'><strong>dri,</strong></span> <span class='ocrx_word' id='word_1_390' title='bbox 959 4163 1076 4244; x_wconf 73' lang='lat' dir='ltr'><strong>nordys</strong></span> <span class='ocrx_word' id='word_1_391' title='bbox 1093 4167 1134 4229; x_wconf 74' lang='grc' dir='ltr'><strong>δέ.</strong></span> 
     </span>
    </p>
   </div>
   <div class='ocr_carea' id='block_1_6' title="bbox 852 4259 943 4325">
    <p class='ocr_par' dir='ltr' id='par_1_14' title="bbox 852 4259 943 4325">
     <span class='ocr_line' id='line_1_46' title="bbox 852 4259 943 4325; baseline -0.022 -1"><span class='ocrx_word' id='word_1_392' title='bbox 852 4259 903 4325; x_wconf 40' lang='grc'><strong>,88</strong></span> <span class='ocrx_word' id='word_1_393' title='bbox 923 4261 943 4305; x_wconf 74' lang='grc'><em>*</em></span> 
     </span>
    </p>
   </div>
   <div class='ocr_carea' id='block_1_7' title="bbox 0 0 1354 4770">
    <p class='ocr_par' dir='ltr' id='par_1_15' title="bbox 0 0 1354 4770">
     <span class='ocr_line' id='line_1_47' title="bbox 0 0 1354 4770; baseline 0 0"><span class='ocrx_word' id='word_1_394' title='bbox 0 0 1354 4770; x_wconf 95' lang='lat' dir='ltr'><strong> </strong></span> 
     </span>
    </p>
   </div>
  </div>
 </body>
</html>
