2618 4770
77 348 82 365 ¹
122 319 188 389 686
598 314 701 384 AVT.

194 472 334 548 egendum
350 480 401 528 ert.
434 469 573 536 Quomodo
591 469 659 524 haec
674 469 784 533 dictem,
805 467 1032 538 intelligitur-lis,
1051 485 1120 538 quae
1135 486 1173 523 re-

194 569 323 631 quuntur:
347 557 421 612 ciam
437 567 532 611 autem
550 558 632 629 istite
657 557 687 611 ira
704 572 758 629 qun
784 556 810 610 si
835 553 911 624 quod
929 548 1069 623 σφάῆμα,
1095 555 1174 620 vides,

198 664 283 718 quam
299 655 381 716 turpe
399 647 447 702 sit.
481 644 570 707 Quare
593 652 679 694 vertes
697 639 767 694 eder
786 639 855 693 aucit
875 637 1049 693 uentubierr.
1083 639 1118 703 2,
1136 640 1173 707 20,

195 728 240 783 69.
254 749 273 784 a
290 728 321 785 're
336 727 477 800 postulari
502 738 553 781 aut
577 729 733 797 exspectari
760 722 873 795 aliquid
885 726 1088 796 wspieaurur.
1113 735 1174 779 recte

198 816 386 883 Gernhardue:
412 813 506 864 sinon
524 812 667 885 portitori,
693 820 722 865 at
744 809 892 879 exspectari
919 819 1011 866 uerter
1042 809 1111 864 male
1127 828 1175 865 oum

195 901 362 970 Heusingero
381 899 426 950 elii
441 898 573 967 duplicem
591 906 641 949 aot
659 905 826 965 receperunt.
978 918 983 927 ·
1032 918 1054 925 ··

233 1004 289 1063 Cic.
307 1004 340 1056 de
350 1005 414 1058 Nat
434 1001 460 1059 d.
479 1000 506 1066 2,
523 999 566 1066 61,
585 996 644 1057 158.
664 1018 697 1052 ex
715 998 1078 1061 emendationelioindurfii:
1100 1004 1173 1076 euni

198 1085 252 1143 bur
274 1091 337 1143 uita
363 1087 446 1144 beata
470 1086 584 1147 exsistit
606 1104 661 1161 par
682 1094 734 1144 aut
758 1083 859 1145 similis
884 1064 1011 1140 deorurui.
1039 1087 1069 1139 in
1088 1087 1172 1141 Caeci.

196 1173 286 1229 Dicin.
302 1171 381 1241 3,7.
399 1169 474 1272 quid.
483 1180 525 1225 est
545 1170 620 1243 quod
638 1179 689 1228 aut
713 1169 823 1242 populo
849 1188 967 1231 romano
993 1173 1108 1251 gratim
1125 1190 1174 1226 erre

198 1256 315 1327 debeat,
337 1267 387 1312 aut
403 1258 487 1313 sociis
506 1257 663 1329 exterisque
684 1254 844 1313 nationibus
861 1256 997 1345 optatius
1011 1259 1175 1328 arrepserit

198 1343 259 1396 cod.
280 1343 375 1398 Fraue.
396 1342 495 1401 omittit
507 1340 626 1419 primum
636 1346 703 1408 aut,
713 1340 793 1419 quod
812 1341 940 1392 Orellius
945 1359 980 1394 ne
993 1338 1107 1401 notavit
1124 1342 1174 1411 qui

200 1428 275 1482 deme
309 1439 398 1483 tamen
421 1435 539 1496 praestat
568 1427 634 1483 haee
667 1427 806 1496 scriptura.
846 1427 941 1479 Horat.
967 1425 1057 1495 Epod.
1085 1425 1134 1489 11,
1154 1425 1175 1480 3

199 1506 310 1581 amore,
330 1516 377 1585 qut
393 1531 437 1568 me
451 1525 563 1582 praeter
579 1529 674 1567 omnes
695 1515 805 1582 expetit
820 1509 984 1568 mollibus·
972 1531 1005 1566 ru
1025 1514 1121 1583 pueris
1137 1521 1177 1566 aut

200 1602 232 1655 iu
256 1598 361 1671 praeliis
380 1615 464 1652 urere.
492 1600 554 1656 Nun
578 1607 696 1667 praestat
719 1596 818 1663 ultera,
844 1614 911 1666 quae
930 1597 1019 1653 totius
1041 1597 1175 1651 sententies

199 1686 314 1743 formant
332 1683 493 1753 corrumpit,
513 1683 594 1749 lectio
618 1694 669 1738 aut
686 1685 799 1754 puerirt
817 1699 877 1739 nam
898 1683 1007 1750 gravior
1023 1683 1065 1736 rin
1083 1683 1176 1736 oratiu-

199 1771 244 1823 nis
260 1780 302 1822 cst
320 1769 349 1822 in
367 1770 473 1825 nomine
487 1782 643 1837 puerorum,
667 1767 719 1818 nisi
738 1768 796 1836 quis
813 1776 898 1823 totum
918 1776 1002 1836 gentis
1022 1787 1074 1838 por
1097 1779 1176 1838 parter

202 1855 243 1906 ita
260 1854 399 1924 complecti
415 1848 497 1910 malit
533 1854 565 1904 ln
583 1853 639 1904 ilio.
659 1872 686 1922 p.
701 1853 790 1911 Plane.
815 1849 867 1917 14,
884 1851 929 1912 35.
947 1853 1115 1915 Garatouius
1131 1871 1177 1906 non

202 1940 318 1992 debebat
339 1939 454 2006 probare
479 1937 589 1994 alteram
617 1938 772 2007 scripturam
797 1938 879 1991 hanc:
909 1935 961 1991 sed
984 1949 1054 1992 atet
1078 1949 1178 1994 conteu-
1219 1948 1221 2002 j

201 2029 282 2080 tiore
306 2022 417 2079 dicendi
440 2032 491 2076 aut
517 2021 669 2078 hcesritur.
705 2026 789 2075 Recte
815 2020 912 2088 leffitur
930 2020 1007 2089 Virg.
1025 2023 1078 2075 Ge.
1094 2021 1179 2089 2,19.

200 2110 270 2166 isaeo
288 2127 414 2184 quoque,
439 2110 545 2177 siquis
564 2110 684 2172 inserat,
710 2116 762 2162 aut
782 2104 923 2164 scrobibus
940 2106 1060 2161 mandet
1079 2118 1180 2165 matuta
1219 2122 1221 2127 ·

202 2194 345 2259 subactis,
366 2195 491 2251 exaniat
507 2191 665 2246 silvestrem
681 2195 813 2250 animum.
837 2191 857 2249 i
877 2209 901 2242 e.
919 2200 964 2245 aut
982 2201 1105 2258 tantum,
1121 2188 1179 2248 oder

201 2278 274 2336 auct
295 2298 355 2332 nur
386 2295 448 2335 uum
473 2277 565 2335 insitio
593 2277 677 2351 magu
699 2275 812 2339 ualet
803 2293 832 2331 m
856 2275 1027 2337 distentu
1050 2278 1180 2399 ecberdus

204 2382 284 2434 quum
299 2361 409 2419 mutatio
427 2363 491 2416 loci.

236 2469 281 2520 Ne
298 2466 356 2534 quis
375 2477 463 2518 tamen
477 2474 595 2536 opponat
616 2466 684 2520 haec
704 2469 797 2520 Horet.
816 2469 870 2522 Sat.
889 2412 973 2537 1,1,
991 2416 1084 2520 &ubi
1101 2467 1179 2521 lidu-

203 2552 317 2604 dorfium
343 2568 396 2602 non
421 2553 539 2621 oportuit
563 2551 702 2605 admittere
725 2554 839 2607 Bentleii
866 2504 1080 2606 eme'nddtionem
1103 2550 1180 2607 horu

202 2648 343 2695 momentu
373 2649 423 2689 eut
447 2641 505 2691 cita
534 2654 607 2690 mors
637 2640 732 2702 veuit,
761 2650 813 2699 aut
835 2641 955 2703 victoria
984 2637 1072 2695 laeta.
1120 2641 1181 2693 Nuut

202 2734 315 2788 nautae,
334 2721 379 2791 qui
397 2723 537 2791 desperat.
565 2723 677 2778 victoria
693 2740 748 2777 nun
765 2724 855 2792 potior
873 2724 995 2792 videtur,
1020 2724 1070 2778 sed
1086 2724 1117 2781 in
1135 2724 1182 2777 cite

203 2819 290 2863 morte
314 2808 429 2861 omnium
446 2807 609 2862 miseriarum
632 2808 712 2859 finem
727 2809 863 2876 agnoscit,
883 2810 1028 2878 additque,
1044 2827 1114 2879 quae
1134 2826 1182 2862 nou

204 2901 260 2949 tam
286 2903 359 2945 certa
382 2902 473 2962 putet,
491 2903 543 2947 aut
568 2893 687 2957 uictoria
710 2891 803 2960 laeta,
827 2893 894 2950 oder
918 2894 1001 2951 euch·
1020 2896 1066 2965 eiu
1089 2891 1183 2966 froier

206 2978 281 3048 Sieg.
317 2977 345 3030 si
365 2979 461 3046 duplex
488 2988 538 3031 eut
554 2978 678 3046 ponitur,
696 2996 767 3031 mors
787 2989 816 3032 ot
829 2981 942 3034 uictoria
959 2988 1046 3031 tutam
1067 2978 1182 3051 beneficii

199 3063 338 3117 notionem
357 3064 480 3130 explent,
506 3072 533 3115 et
551 3063 654 3130 aequali
672 3065 844 3120 distinctione
870 3075 1076 3134 componuntur.
1112 3063 1182 3129 Quod

201 3147 291 3202 nescio
313 3165 347 3198 an
366 3165 419 3198 nou
437 3157 563 3216 praestet.
598 3149 656 3202 Liv.
674 3149 725 3213 21,
740 3146 792 3216 43,
808 3145 835 3211 4.
859 3148 903 3206 hic
927 3151 1113 3213 vincendum,
1138 3158 1184 3204 aut

202 3231 395 3293 moriendum,
421 3231 541 3298 milites,
560 3244 618 3295 est,
645 3232 693 3289 ubi
711 3237 830 3303 primum
849 3231 926 3291 hosti
950 3241 1121 3303 occumiutir,
1144 3234 1185 3288 bio

200 3318 231 3372 in
248 3328 334 3370 morte
350 3318 509 3388 intelligitur
528 3318 575 3382 id,
601 3318 672 3392 quod
694 3319 796 3371 scilicet
814 3321 945 3393 reliquum
970 3333 1041 3381 essct
1061 3322 1183 3374 militibus

200 3418 258 3453 nou
283 3401 465 3466 vincentibus,
489 3402 536 3453 sed
557 3403 589 3452 ab
610 3404 680 3458 omni
706 3406 810 3472 refugio
833 3407 959 3473 seclusis,
983 3408 1113 3488 pessime
1120 3409 1183 3461 uiue

204 3503 271 3537 turs.
305 3486 334 3537 si
351 3486 384 3541 de
401 3504 452 3540 una
468 3488 565 3539 virtute
584 3499 723 3556 ageretur,
748 3490 888 3542 dicendum
905 3502 979 3557 erat,
1006 3502 1059 3548 aut
1079 3497 1183 3549 viucen-

200 3569 269 3625 dum
294 3581 344 3627 aut
368 3572 548 3625 urorieudum.
593 3577 634 3626 lta
665 3585 739 3629 recte
769 3576 866 3643 legitur
891 3578 960 3646 apud
982 3580 1185 3632 Demosthenem

128 3700 130 3705 ,
198 3654 306 3723 Leptin.
324 3655 368 3707 68.
388 3648 500 3723 ὑπὲρ
477 3676 517 3713 ων
535 3653 688 3719 ἐκεῖνος’
666 3676 736 3730 pero
760 3659 820 3713 dciv
846 3656 1038 3729 ἅποθνήσκειν
1057 3656 1183 3734 ducein.

199 3755 262 3790 nam
282 3741 408 3794 Chabrias
424 3741 517 3793 maluit
539 3760 588 3811 pro
608 3743 753 3796 honoribus
775 3746 826 3799 sibi
844 3747 1017 3803 decernendis
1037 3748 1127 3813 mori,
1143 3755 1184 3799 sut

200 3822 223 3874 si
243 3823 301 3875 fieri
319 3834 426 3896 posset,
444 3827 557 3879 vincere.
594 3828 671 3878 Conl.
693 3829 765 3884 curt.
785 3829 818 3895 9,
838 3831 872 3896 2,
889 3830 932 3886 34.
967 3831 1183 3904 Quamquamhit

201 3923 256 3959 non
286 3911 435 3976 contendo,
462 3930 478 3967 a
505 3912 677 3981 scriptoribus
701 3914 814 3981 antiquis
840 3934 980 3986 numquam
1006 3917 1111 3969 dictum
1133 3933 1186 3970 esso

202 4002 253 4044 aut
272 4011 321 4062 pro
338 3996 471 4064 duplicato
492 4009 543 4049 aut
560 4024 594 4036 -
611 4007 668 4048 aut.
704 3999 793 4050 Veluti
811 4002 896 4053 Varro
917 4001 950 4054 de
967 4002 1008 4052 ue
1026 4019 1050 4053 r.
1071 4002 1099 4066 1,
1120 4001 1146 4066 7,
1162 3998 1186 4052 5.

201 4095 222 4127 ιι
242 4094 296 4147 qua
322 4090 405 4152 purte
430 4080 477 4136 vel
501 4084 622 4136 maxime
646 4079 734 4133 bonus
755 4094 806 4136 aut
826 4103 882 4139 nou
907 4083 997 4138 bonus
1015 4086 1189 4158 appellatur·

202 4159 359 4233 Plerumque
374 4165 403 4219 id
419 4165 450 4220 iit
466 4167 496 4222 in
520 4162 641 4223 oratioue
660 4167 744 4240 irata,
768 4178 816 4224 eut
838 4187 905 4241 curu¹
916 4171 1187 4246 indignationem·
