2618 4770
457 315 622 397 aravu.
663 278 730 381 aa.
1049 320 1113 388 aaa

55 474 116 559 qui
132 472 236 536 aliena
261 471 544 556 argumentatione
560 471 664 558 magis
687 490 787 557 quam
809 474 1011 558 argumentis
1028 495 1107 540 usus
1182 472 1185 476 ’

55 570 125 638 est,
149 556 402 621 Ramshornius.
450 557 503 625 llli
523 557 637 623 multis
658 556 693 619 in
710 556 791 620 locis
808 559 991 622 consentire
1011 561 1109 624 codi-

57 667 112 708 ces
129 643 251 722 dicunt,
267 653 387 729 etpost
407 640 467 706 alia
481 641 578 704 verba
595 643 628 706 in
648 643 674 704 C
693 644 844 707 exeuntia
861 644 1010 708 vocalem
1033 668 1108 711 sae·
1176 654 1181 667 ¹

28 765 31 772 =
54 752 100 818 pe
117 727 275 815 reperiri,
297 729 397 793 veluti
411 751 472 798 aec
489 726 589 803 ullus,
604 727 670 793 bac
685 712 768 797 illac
791 739 824 790 et
847 739 925 814 post
941 730 1107 796 arenulae:

56 816 118 879 etsi
135 824 240 877 essent
258 816 448 900 scripturae,
476 815 531 899 qui
557 822 747 876 constanter
763 813 964 892 abstinerent
981 816 1021 879 ab
1041 816 1124 886 hoc,

53 921 137 977 usu,
158 910 270 962 tamen
311 923 349 963 ro
365 899 476 984 regula
492 899 525 962 id
542 920 725 983 numquam
743 898 841 962 sarissa
863 899 1028 965 habitum:
1052 901 1120 967 hic·

57 985 148 1051 addit
165 923 316 1075 exempla
334 1008 376 1048 cx
392 983 675 1070 inscriptionibus.
718 984 811 1063 Quas
829 996 866 1047 ut
880 1007 917 1047 re
943 986 1105 1064 rebraret,

56 1071 249 1158 nuperrime
278 1070 493 1136 Frotschcrus
518 1069 703 1134 Excursum
733 1072 863 1156 scripsit
888 1094 905 1133 a
949 1073 1107 1151 Quinctil.

56 1157 146 1221 Libr.
167 1157 245 1221 Dec.
261 1179 296 1242 p.
313 1160 386 1221 257.
406 1156 441 1218 in
460 1177 526 1240 quo
545 1165 577 1218 ct
595 1177 730 1240 parvam
746 1178 812 1218 esse
831 1155 978 1245 ostendit
990 1166 1108 1223 aucto-x
1190 1150 1195 1171 ¹

56 1243 190 1306 ritatem
205 1242 478 1325 inscriptionum,
531 1261 647 1303 uarum
665 1239 706 1320 da
721 1241 907 1323 integritate
924 1264 961 1305 ac
976 1241 1041 1308 fide
1054 1245 1108 1309 ni-

57 1325 107 1390 hit
125 1337 270 1405 constet,
294 1337 327 1388 ct
346 1349 401 1400 ca,
420 1264 884 1411 quaebamsh01·niusassem,
915 1338 971 1390 aut
994 1331 1107 1415 spuria
1124 1322 1128 1331 ¹

57 1423 114 1478 aut
127 1413 213 1476 male
232 1412 395 1494 descripta
414 1408 501 1490 essia,
524 1421 597 1473 tum
611 1411 644 1474 in
661 1410 712 1473 his
728 1410 825 1474 rebus
842 1411 910 1495 peti
924 1435 994 1476 non
1008 1437 1107 1501 posse

13 1497 16 1501 ’
58 1509 290 1586 argumentum
308 1519 481 1568 enumero
504 1496 657 1563 codicum
676 1507 707 1559 ct
723 1497 762 1563 ab
789 1495 986 1565 editionibus
1000 1497 1108 1586 negli-

12 1628 15 1649 .
50 1595 173 1672 ⁴genter
188 1581 363 1667 confectis:
388 1606 465 1645 nam
484 1603 586 1644 unum
607 1581 731 1645 librum
753 1582 791 1645 ad
811 1582 1108 1651 demonstrandum

60 1693 208 1735 errorem
224 1666 385 1744 sufficere,
408 1678 440 1731 et
455 1668 548 1732 locos
564 1667 716 1737 nondum
732 1677 902 1746 correctos
919 1681 1109 1754 exspectare

59 1778 154 1819 suam
172 1754 455 1824 emendationem:
481 1752 622 1839 denique
639 1755 808 1817 insuavem
827 1755 893 1816 oris
908 1751 1035 1817 hiatum
1051 1776 1109 1820 vc-

59 1852 164 1918 tcres,
195 1839 253 1903 uhi
277 1839 405 1918 liceret,
438 1839 581 1902 studiose
612 1840 766 1918 esitasse,
800 1839 833 1901 in
860 1838 1019 1902 vocabulo
1042 1840 1110 1903 bac

62 1927 182 1990 evitare
197 1946 276 1988 non¹
288 1925 456 2011 potuisse,
485 1925 519 1987 in
536 1947 597 1988 nee
616 1935 691 1987 aute
715 1924 863 1988 vocalem
887 1926 999 2012 posito
1019 1923 1109 1988 mol-

60 2010 136 2075 liori
149 2033 233 2076 sono
248 2020 463 2096 temperasse,
507 2010 638 2074 Scilicet
663 2021 813 2074 avtctores
829 2009 1024 2096 depravatae
1041 2010 1111 2073 clc-

60 2098 207 2184 gantiae,
235 2106 358 2182 etpost
373 2119 430 2160 eos
455 2096 582 2160 indocti
598 2097 723 2166 librarii
746 2098 895 2160 animum
918 2118 1015 2160 suum
1037 2117 1110 2163 nou

61 2183 101 2245 ad
118 2180 207 2246 hunc
224 2204 354 2250 morem
376 2183 527 2246 omniurn
550 2181 719 2245 bonorum
743 2184 943 2268 scriptorum
960 2180 1110 2268 applica-

58 2277 155 2342 runt,
177 2290 238 2330 nec
254 2268 378 2330 mirum
397 2267 461 2331 hoc
484 2267 628 2330 videtur:
662 2278 694 2330 at
711 2266 1004 2351 grammaticorum
1020 2276 1110 2331 vete-

59 2375 135 2416 rum
152 2355 319 2421 nemiuem
337 2352 377 2415 dc
395 2351 454 2416 hac
471 2375 507 2416 re
523 2353 705 2417 distinctius
725 2353 945 2440 praecepisse,
972 2353 1004 2417 id
1024 2374 1111 2438 pro-

60 2437 149 2502 fecto
177 2438 290 2503 mirari
312 2436 398 2502 licet.
449 2437 668 2503 Schwartaiua
699 2438 733 2511 in
764 2440 972 2507 Monument.
999 2438 1109 2524 ingen.

60 2525 101 2588 T.
122 2523 149 2588 l.
177 2546 207 2610 p.
233 2524 306 2592 148.
334 2534 366 2587 et
391 2524 429 2587 ad
450 2523 633 2595 -Tursellin,
653 2523 907 2610 negligentiores
931 2522 1110 2593 inhaere

60 2610 161 2675 fuisse
177 2608 313 2695 putabat
324 2610 544 2695 Suetonium,
570 2611 702 2672 Celsum
722 2621 754 2672 et
770 2610 861 2677 alios.
912 2609 1110 2673 Suetonium

61 2707 171 2761 autem
189 2695 228 2758 ab
248 2694 306 2762 hac
324 2696 512 2781 suspicione
533 2694 697 2758 vindicare
716 2707 854 2758 conatus
872 2695 1110 2759 estBurmann.

62 2782 102 2847 ad
120 2783 209 2845 Caes.
225 2785 277 2844 27.
294 2791 325 2843 et
345 2781 384 2844 ad
403 2781 505 2868 Calig.
522 2785 572 2844 3.:
596 2781 629 2843 in
655 2779 741 2843 Celsi
758 2781 838 2846 locis
855 2781 1007 2866 plurimis
1017 2781 1110 2848 anti-

63 2889 146 2954 quae
163 2866 319 2933 editiones
335 2866 474 2931 meliora
491 2865 666 2943 exhibent,
689 2877 721 2928 et
735 2867 774 2944 4,
799 2870 853 2936 10.
872 2865 1111 2936 restituendum

61 2964 111 3018 est
137 2952 204 3015 vel:
237 2975 278 3015 ac
298 2974 401 3037 super
422 2974 547 3038 qaoque
571 2963 661 3015 recte
687 2951 858 3037 praedam
889 2952 1111 3044 malagmata

62 3038 265 3103 iniiciraatar
282 3038 332 3100 vcl
348 3049 448 3123 atque
465 3038 603 3122 insuper
618 3060 762 3124 quoque:
784 3037 908 3121 dequo
926 3035 1022 3102 infra.
1060 3037 1111 3100 De

63 3126 223 3190 Cicerone
240 3133 272 3185 ct
288 3123 638 3186 Gaesare'iamdudum
659 3123 715 3184 viri
733 3124 820 3185 docti
842 3124 989 3187 dubitare
1004 3123 1112 3184 desie-

61 3219 160 3287 runt,
184 3231 226 3270 na
242 3209 426 3293 imperitiae
446 3209 583 3272 nomine
601 3234 618 3271 a
635 3207 764 3271 Wolfio
784 3209 821 3273 ud
841 3207 930 3273 Suet.
949 3211 1039 3281 Caes.
1059 3211 1111 3274 26.

64 3294 153 3360 irrisi
173 3294 376 3357 viderentur:
403 3293 442 3356 de
467 3295 549 3357 Livii
575 3314 634 3356 usu
659 3293 831 3380 disputavit
858 3291 1110 3359 Drakenborch.

64 3381 88 3445 l.
105 3381 128 3444 1.
173 3379 224 3444 Ex
239 3379 279 3441 iis
296 3401 391 3469 vell:
417 3401 500 3466 qrrae
527 3379 618 3463 nullo
646 3379 751 3444 adbuc
773 3378 934 3463 librorum
954 3376 1112 3465 subsidio²

64 3467 121 3530 sed
136 3456 857 3555 tanusffi'de‘coai'e'ctfi'ii''c'o'r'rtgtpoterant,
872 3462 961 3547 'liaeo
975 3460 1131 3541 notabo„

63 3552 217 3636 reliquis,
248 3549 421 3636 inquibus
446 3548 686 3614 Ramsbornius
704 3545 741 3613 'et
763 3551 814 3615 alii
839 3552 940 3616 libros
962 3548 1112 3617 nondum
1213 3628 1215 3633 Ι

65 3636 258 3702 carendatos
274 3635 512 3712 adhibuerunt,
535 3658 616 3719 <puae
636 3638 849 3716 multarunt,
871 3635 1012 3704 omissis.
1045 3634 1112 3716 Cic.

64 3723 105 3787 ad
123 3724 189 3785 Aa.
211 3726 267 3797 13,
289 3722 343 3787 48.
366 3745 408 3784 ac
423 3744 463 3785 eo
473 3723 671 3806 properavi.
694 3722 734 3803 4,
759 3727 818 3798 16,
839 3728 869 3785 6.
891 3720 1050 3784 libertum
1070 3742 1112 3784 ac
1212 3718 1223 3729 '⁸

67 3828 257 3893 acaeasam.
289 3807 344 3869 ubi
369 3806 534 3870 Ernestius
549 3807 706 3893 'copulam
731 3806 867 3882 delerit,
893 3806 1064 3870 Schiitzius
1080 3815 1114 3869 ct

65 3893 208 3977 scripsit.
239 3889 319 3954 illud
346 3914 457 3955 varum
482 3904 515 3955 et
539 3893 578 3957 ab
604 3894 681 3958 edit.
711 3892 809 3955 Rom.
841 3895 905 3960 iam
931 3901 1113 3977 acceptum.

66 3980 106 4044 ad
126 3979 241 4058 Quint.
258 3983 296 4053 2,
319 3982 348 4040 6.
373 3978 476 4043 simul
498 4001 539 4040 ac
562 3977 620 4042 itte
636 3980 774 4047 acuerit.
817 3977 915 4043 Tu-sc.
935 3983 972 4053 2,
999 3980 1037 4056 5,
1062 3979 1113 4039 13.

61 4063 258 4154 falsumque
288 4059 375 4127 illud
407 4087 448 4126 ae
480 4061 649 4149 improbes
669 4144 671 4147 Ι
690 4062 781 4149 quod
810 4063 958 4130 lllurctus
987 4061 1114 4149 egregie

48 4151 266 4216 emendavit.
303 4150 433 4213 Locum
452 4149 547 4214 Varr.
570 4149 610 4214 de
630 4151 727 4234 Ling.
754 4149 811 4212 lat.
834 4153 873 4231 8,
899 4142 935 4213 1.'
950 4149 1007 4213 ubi
1030 4146 1114 4235 legi-

67 4248 124 4300 tur
147 4258 189 4300 ae
209 4233 309 4312 inde,
332 4255 433 4299 nemo
455 4255 524 4299 non
549 4235 650 4331 videa,
666 4246 860 4322 corruptum
891 4256 982 4323 esset
996 4233 1065 4300 Liv.
1081 4224 1142 4305 3,.’

127 4446 143 4477 l
