2618 4770
528 319 530 322 >
586 304 753 375 Arrun.
1031 357 1032 361 a
1126 312 1191 383 stc
1247 352 1250 357 ,

213 528 217 538 ,
245 468 360 528 Terent.
370 466 437 520 Eun.
453 462 488 533 6,
508 463 543 527 4,
561 444 704 538 licteus
727 463 799 520 adeo
822 473 918 519 autam
936 436 983 520 iar
1002 483 1060 522 non
1076 478 1206 541 egomet·
1277 430 1280 437 ⁴

210 552 284 608 intro
302 555 360 608 eo?
380 553 439 605 vide
456 570 484 620 p.
499 548 561 603 505.
1277 550 1280 555 ’

226 652 257 712 8.
288 645 404 734 Neque
428 667 503 710 uero
524 645 558 708 in
580 643 769 707 continuata
791 653 824 706 et
845 643 1062 710 adscendente
1079 658 1185 732 nega·
1228 670 1231 677 ·

138 728 231 796 tione
255 733 444 819 saepissime
470 730 550 805 dici,
574 728 727 793 omnibus
750 739 886 793 constat.
930 730 1049 794 Rarior
1071 728 1185 801 foma

140 829 191 879 cst
205 829 456 905 neque-autem,
477 815 517 878 dc
541 837 604 900 qua
628 816 765 878 Linacer
789 815 829 878 de
849 816 990 880 Emend.
1009 817 1132 882 Struct.
1153 825 1185 887 1.

137 924 174 986 p.
199 907 273 967 366.
321 902 409 971 Valla
435 902 468 964 in
495 900 644 984 Elegant.
668 905 707 977 2,
732 904 783 962 61.
815 900 931 983 Cellar.
953 903 989 966 in
1010 902 1182 971 Antibarb.

164 994 264 1052 .221.
288 989 323 1051 in
345 986 440 1049 Gurie
469 994 555 1071 post.
580 1009 613 1072 p.
629 988 703 1048 883.
726 983 917 1050 Borricbius
938 989 974 1053 in
996 988 1127 1053 Vindio.
1142 989 1185 1057 L.
1292 1048 1294 1053 ,

135 1008 175 1135 b.
196 1092 228 1159 p.
245 1076 315 1137 141.
340 1071 570 1151 observarunt,
593 1069 720 1134 etiarnsi
743 1093 811 1132 non
834 1094 910 1136 uero
927 1071 1017 1160 apud
1032 1074 1186 1141 classicos

134 1159 310 1245 scriptores
327 1178 424 1241 saepe
439 1156 634 1234 inveniatur,
651 1176 720 1218 non
734 1153 816 1218 item
832 1159 982 1243 usurpari
993 1181 1035 1222 ne
1057 1182 1099 1224 ue
1113 1183 1182 1226 au-

133 1254 233 1308 tem.
261 1240 391 1321 Quibus
406 1241 593 1305 auctoribus
610 1239 782 1304 Noltenius
801 1264 835 1326 p.
863 1244 956 1307 1604.
976 1253 1007 1308 et
1065 1247 1183 1333 appius
1258 1322 1261 1327 ,

133 1329 170 1393 in
193 1327 291 1392 lensii
318 1325 497 1390 Collectnn.
521 1351 556 1414 p.
576 1331 647 1391 172.
662 1325 786 1390 tirones
808 1327 1008 1411 monebant,
1029 1353 1072 1394 ne
1094 1332 1183 1398 hanc
1254 1330 1263 1341 ”

134 1414 369 1478 inconcinnam
395 1411 575 1475 dictionem
598 1412 818 1476 imitarentur.
869 1411 913 1475 Et
934 1413 1114 1482 Doelekius
1144 1420 1182 1486 in

136 1501 286 1564 Gramm.
309 1520 344 1584 p.
365 1498 437 1561 144.
463 1518 629 1579 caussam,
642 1570 646 1576 .
661 1518 721 1561 cur
742 1507 867 1562 veteres
891 1519 958 1561 non
982 1499 1028 1563 ita
1049 1500 1181 1590 loquuti

134 1583 275 1661 fuerint,
302 1584 336 1646 in
353 1605 392 1646 eo
411 1585 604 1668 cognovisse
622 1582 684 1647 sibi
702 1580 849 1664 videtur,
869 1582 959 1669 quod
975 1607 1080 1671 neque
1096 1591 1132 1654 in
1144 1613 1180 1656 se

134 1669 252 1736 habeat
269 1668 481 1734 reconditum
505 1681 555 1750 et,
577 1669 676 1756 idque
695 1689 771 1747 cum
788 1681 901 1734 autem
925 1670 1083 1758 coniungi
1106 1696 1180 1742 non

131 1759 250 1844 possit.
304 1752 403 1836 Quod
429 1775 497 1818 non
524 1757 664 1819 omnino
687 1775 803 1819 verum
824 1776 910 1834 esse,
942 1757 1065 1838 exiis,
1096 1781 1200 1848 quae.

130 1842 236 1907 modo
253 1841 483 1929 exposuimus,
512 1841 715 1929 intelligitur.
762 1842 917 1905 Caussam
940 1841 1094 1928 equidem
1109 1868 1181 1911 non

133 1922 230 1992 aliam
256 1951 324 1993 esse
354 1947 453 2014 posse
484 1929 594 2002 video,
630 1948 730 2017 quam
761 1927 853 2015 quod
883 1949 903 1989 o
930 1927 1107 2014 positionis
1131 1934 1187 2010 vis¹
1222 1949 1224 1954 ’

132 2009 231 2077 etiam
248 2012 406 2080 vocabulo
421 2032 526 2101 neque
549 2015 763 2101 exprimitur,
786 2010 879 2078 sicuti
926 2011 1010 2078 raeci
1032 2037 1101 2080 non
1124 2015 1179 2082 di-

130 2111 252 2164 xerunt
267 2096 337 2164 οὕὸὲ
352 2100 395 2163 di.
442 2100 553 2178 Quare
572 2100 719 2164 formula
739 2110 975 2186 nequeuntem
987 2120 1056 2163 non
1075 2122 1178 2175 usuro

130 2195 230 2271 patur
245 2208 262 2246 a
277 2184 374 2247 bonis
400 2184 534 2268 quidem
557 2186 782 2272 scriptoribus
798 2185 862 2249 nisi
885 2185 1099 2271 praecedente
1126 2188 1177 2253 ul-

129 2281 203 2334 tero
217 2291 350 2356 neque,
374 2280 430 2331 aut
453 2269 513 2331 ulia
536 2271 711 2358 negatione
730 2272 791 2348 ita,
815 2281 852 2334 ut
874 2272 1109 2358 oppositioex
1128 2274 1177 2339 nl·

128 2362 199 2419 tera
214 2361 307 2442 purte
326 2362 459 2418 crescat.
493 2354 560 2433 Qui
580 2378 641 2442 pro
660 2380 764 2444 neque
781 2381 856 2422 uero
873 2356 922 2426 vel
936 2378 998 2421 nec
1013 2357 1176 2425 adhibue-

127 2442 183 2517 rit,
201 2451 331 2528 praeter
339 2439 469 2505 Celsum
488 2449 520 2503 et
535 2441 693 2505 Senecam
710 2454 742 2506 et
756 2443 1016 2523 Quinctilianum
1032 2446 1176 2532 cognovi

127 2524 313 2590 neminem:
329 2526 385 2589 sed
402 2525 450 2588 illi
468 2525 737 2613 interposuerunt
754 2529 841 2593 aliud
866 2529 1084 2612 vocabulum,
1099 2551 1174 2618 quo

127 2612 199 2700 ipsa
213 2614 298 2675 ratio
318 2621 476 2674 mutatur.
1117 2664 1120 2669 ,
1224 2697 1228 2705 ’

230 2715 313 2765 Plaut.
331 2713 389 2764 Aul.
409 2710 482 2783 prol.
504 2711 550 2766 Ι30.
573 2710 632 2787 ἰίἱιιΙ
652 2708 736 2765 illum
760 2709 861 2780 netad,
884 2732 972 2788 neque
988 2730 1175 2789 canzpresrum

196 2808 289 2851 autem
306 2808 396 2867 pater.

226 2884 334 2937 Lucret.
351 2883 385 2945 3,
404 2880 463 2933 802.
481 2885 508 2932 et
526 2872 559 2944 5,
576 2872 637 2934 367.
661 2897 711 2933 nec
735 2887 828 2935 tamen
853 2891 895 2935 est
919 2895 950 2937 ut
969 2886 1066 2954 inane,
1086 2877 1182 2961 usque
1258 2912 1270 2933 ι·
1303 2868 1308 2875 .

195 2979 287 3021 autem
307 2985 429 3039 corpore
442 2965 550 3018 desunt.
577 2964 611 3032 6,
632 2959 692 3019 780.
707 2985 771 3025 ,nee
788 2977 851 3019 sunt
868 2966 959 3023 multa
979 2990 1078 3041 parum
1095 2984 1174 3031 tactu

192 3052 329 3117 uitanda,
350 3071 436 3124 neque
457 3059 550 3102 autern
568 3058 682 3119 aspectu
696 3040 852 3122 fugienda.
885 3052 992 3117 6,102.
1010 3075 1031 3109 s.
1067 3058 1121 3112 cic.
1139 3060 1175 3115 ad

193 3131 265 3188 Fam.
284 3135 317 3201 5,
336 3136 386 3203 12,
404 3137 448 3189 21.
467 3154 553 3208 neque
577 3140 649 3188 enim
670 3144 700 3187 tu
725 3139 750 3190 is
768 3154 814 3202 es,
840 3139 971 3210 quiquid
991 3145 1030 3196 sis
1049 3147 1174 3199 nesciere
1254 3171 1255 3175 ¹

193 3231 390 3291 nequeuntem
416 3239 467 3291 ego
493 3239 554 3272 sum
576 3222 619 3275 ita
640 3219 767 3285 demens,
790 3231 821 3272 ut
837 3229 888 3274 etc.
923 3226 1012 3277 Celsus
1031 3223 1063 3291 7,
1080 3226 1106 3278 9.
1126 3244 1173 3284 ne.

194 3316 246 3375 que
270 3301 358 3359 senile
383 3316 477 3358 autem
501 3318 617 3376 corpus,
642 3317 728 3378 neque
753 3304 829 3376 qaod
855 3306 925 3362 mult
949 3302 1063 3363 habitus
1079 3321 1121 3364 esc
1138 3338 1171 3353 -·-

192 3385 255 3442 huic
279 3389 432 3443 medicinae
456 3388 585 3444 idoneum
616 3400 667 3444 e'st.
710 3391 837 3453 Quinctil.
862 3390 895 3458 4,
925 3393 957 3458 1,
983 3392 1027 3445 60.
1068 3391 1172 3466 Apulei.

191 3469 292 3524 Florid.
311 3471 343 3538 1,
363 3473 390 3530 9.
417 3475 452 3544 (p.
471 3469 531 3529 345.
556 3470 637 3539 Elm.)
657 3470 834 3546 proconsulis
860 3488 953 3531 autem
977 3471 1086 3531 tabella
1111 3480 1171 3535 sen·

191 3560 356 3625 tertiaeet,
378 3573 448 3630 quae
464 3559 550 3613 semel
569 3559 642 3612 lecta
663 3576 750 3630 neque
770 3564 868 3632 augeri
893 3560 990 3614 littera
1010 3580 1067 3615 una
1084 3578 1171 3638 nequo

192 3650 286 3692 autem
301 3640 427 3698 imminui
445 3639 550 3716 potest.
569 3665 603 3682 —
624 3645 722 3698 Patior
740 3640 849 3716 etipse
867 3648 898 3699 ln
914 3649 982 3700 meir
998 3647 1099 3703 studiis
1115 3651 1170 3706 att·
1238 3701 1244 3720 ,

191 3739 274 3794 quam
290 3738 343 3794 pro
362 3744 422 3784 meo
447 3738 532 3802 captu
557 3729 780 3785 similitudinem.
822 3728 898 3783 Nam
922 3730 1113 3806 quodcumque
1131 3732 1172 3790 ad

185 3824 239 3859 vos
256 3811 384 3879 protuli,
398 3819 546 3886 'exceptum
565 3812 643 3869 illico
670 3824 698 3868 et
724 3813 823 3869 lectum
840 3826 897 3881 est,
920 3834 970 3868 nec
985 3832 1116 3872 reuocare
1135 3818 1169 3874 it·

188 3889 241 3943 'lud
258 3912 307 3948 nec
326 3896 420 3951 autem
446 3909 566 3966 matare,
593 3918 643 3952 nec
669 3896 815 3969 emendare
835 3899 904 3954 aiibi
927 3900 992 3955 inde
1017 3896 1170 3978 quidquam

190 3974 265 4034 licet.
288 3977 357 4033 'Hoc
375 3980 485 4035 alterum
508 4003 541 4037 ex
565 3980 651 4039 cclvii
668 3993 696 4037 et
714 3982 840 4038 Salmasii'
851 3984 1034 4042 emendatione
1052 4008 1101 4061 pro
1120 4010 1170 4047 mc

173 4064 263 4116 ςιιιιεε.
306 4064 428 4120 Dubitari
452 4078 556 4139 potest,
579 4089 614 4127 an
641 4087 696 4128 non
716 4080 808 4142 recte,
844 4072 879 4128 ob
909 4070 980 4130 illud
999 4090 1064 4143 nec,
1097 4078 1168 4145 quod

187 4148 313 4218 seqnitur.

824 4227 866 4295 38
