2618 4770
216 300 280 362 498
611 284 763 367 ervu
820 285 874 350 Ac

531 388 538 417 l

288 447 416 522 fectum,
443 462 478 497 ne
504 444 602 496 ceteris
631 437 737 494 civibus
767 439 883 493 deesset.
918 438 1012 512 Atque
1038 459 1092 514 ego
1114 445 1157 497 sic
1174 455 1267 508 statuo,

291 533 407 594 iudices.
432 527 490 583 und
518 545 549 580 so
577 524 695 580 urtlreile
719 524 765 580 icls
783 525 855 578 also·
885 521 919 576 'in
946 526 1024 577 Catil.
1044 528 1082 594 3,
1102 530 1139 594 2,
1159 530 1186 584 3.
1206 531 1268 584 Nau

292 634 368 684 tum,
397 633 482 689 quum
504 631 538 667 est
562 610 627 664 urbe
658 609 811 663 Catilinam
830 609 973 664 eiiciebcm
992 640 1042 678 —,
1068 627 1120 668 aut
1146 615 1270 688 reliquam
1303 620 1305 635 '

228 744 233 761 .
294 709 502 762 coniuratorum
522 715 633 750 manum
648 693 733 749 simul
753 699 907 758 exiturum,
932 709 983 751 aut
1004 716 1068 764 eos,
1095 703 1146 771 qui
1164 706 1269 757 rescitis.

227 823 230 836 .
295 800 367 855 sent,
388 786 516 855 infirmos
536 784 595 835 sine
614 780 667 834 illo
686 800 720 833 ac
736 778 842 836 debiles
846 777 919 851 sore
932 783 1080 852 putabam.
1105 787 1201 856 Atque
1220 807 1270 858 ego,

292 887 325 931 ut
343 869 421 936 uidi,
452 887 520 943 quos
543 868 665 920 maximo
694 861 794 934 furore
818 875 846 919 et
873 865 974 922 scelere
1001 887 1062 922 esse
1084 867 1271 938 inflammatos

294 957 430 1019 sciebam,
463 970 511 1008 eos
535 951 679 1007 nobiscum
701 967 760 1005 esse
784 961 812 1004 et
838 952 948 1011 Romae
976 955 1163 1008 remansisse.-
1194 957 1222 1008 in
1245 973 1270 1009 eo

189 1094 192 1100 .
227 1082 237 1110 ,—
295 1060 391 1102 omnes
408 1040 469 1093 ‹lies
485 1050 633 1112 noctesque
652 1037 819 1107 consumpsi,
846 1047 878 1089 ut
896 1036 964 1103 quid
980 1050 1113 1112 agerent,
1139 1039 1208 1110 qnid
1224 1059 1272 1093 mo-

225 1111 229 1124 *
295 1132 412 1188 litentur
432 1125 569 1179 sentirem.
603 1127 676 1176 Brut.
692 1121 745 1187 49,
763 1120 823 1173 181.
859 1122 984 1185 Quinctil.
1003 1128 1069 1177 lust.
1088 1125 1122 1191 1,
1144 1126 1192 1191 10,
1213 1126 1238 1180 8.

328 1230 417 1285 Livius
442 1227 494 1291 21,
517 1225 568 1293 43,
592 1229 617 1280 2.
663 1227 710 1288 Si,
738 1245 819 1296 quem
843 1229 967 1280 animum
995 1232 1024 1283 in
1054 1227 1171 1282 alienae
1196 1234 1272 1284 sortis

292 1314 422 1388 exemplo
440 1311 541 1384 paullo
560 1322 626 1365 ante
644 1309 797 1375 lrabuistis,
817 1312 941 1366 eumdem
962 1333 1027 1367 mox
1047 1317 1077 1368 in
1101 1315 1271 1368 aestimanda

288 1403 414 1478 fortuna
429 1408 523 1453 uestra
541 1394 707 1461 habueritis,
724 1400 858 1462 uicimus,
878 1395 1000 1454 milites.-
1018 1418 1106 1471 neque
1125 1402 1200 1466 enim
1220 1419 1271 1469 spe·

293 1485 432 1546 etatulam
464 1481 547 1534 modo
574 1481 663 1546 titud,
697 1481 746 1533 sed
771 1481 908 1552 quaedam
933 1481 1022 1538 ueluti
1046 1488 1144 1557 imago
1171 1498 1269 1539 uestrae

297 1572 467 1630 conditionis
489 1576 557 1619 erut.
593 1569 634 1619 Ac
656 1569 747 1620 nescio
775 1587 812 1619 an
832 1570 940 1620 maiora
964 1570 1078 1623 vincula
1106 1575 1269 1642 maioresque
1303 1620 1305 1643 ÷

291 1659 469 1716 necessitates
485 1649 563 1704 uobis
593 1670 675 1722 quam
697 1652 818 1719 captivis
835 1659 936 1708 cestris
950 1650 1075 1724 fortuna
1093 1655 1266 1707 circumdede-

297 1748 344 1800 rit.
376 1744 433 1795 Nos
459 1755 562 1805 quoque
588 1730 645 1787 lud
670 1755 700 1788 so
728 1734 811 1808 weiss
834 1738 878 1792 icls
907 1740 990 1793 nicht.
1032 1741 1091 1791 Alia
1122 1741 1183 1792 vide
1208 1742 1265 1809 apud

294 1827 477 1884 Gernhurdum
497 1823 531 1874 ad
547 1821 601 1872 Cic.
613 1823 685 1873 Lael.
702 1824 811 1874 Excurs.
829 1842 855 1892 p.
872 1821 933 1876 255.
953 1826 997 1893 qui
1018 1826 1178 1894 nescioquo
1198 1836 1262 1894 pacto

206 1928 209 1933 '
292 1913 460 1970 remotiorem
481 1908 555 1977 quasi
574 1909 731 1959 sententiam
753 1911 894 1977 repetitam
917 1911 944 1961 in
969 1911 1009 1960 his
1038 1910 1138 1961 videat.
1182 1910 1261 1962 Cicero

291 2003 338 2054 ubi
356 2000 467 2051 virtutes
486 1993 591 2046 Luculli
612 1993 718 2060 eiusque
741 2010 868 2044 summum
890 1995 1036 2046 litterarum
1054 1995 1172 2045 studium
1189 2013 1261 2063 expo-

293 2071 362 2150 suit,
381 2082 460 2135 Acad.
478 2081 511 2144 2,
528 2079 563 2142 2,
583 2074 608 2129 5.
630 2078 731 2146 pergit:
758 2078 801 2130 Ac
822 2097 919 2132 vereor
935 2079 1088 2145 interdum,
1115 2101 1151 2134 ne
1176 2080 1261 2133 talium

293 2185 490 2244 personarum,
516 2182 599 2234 quum
623 2159 802 2231 amplificare
826 2164 928 2228 velim,
955 2167 1078 2218 minuam
1104 2168 1189 2218 etiam
1208 2164 1260 2235 glo·

292 2261 372 2312 riam,
406 2249 477 2318 quod
505 2247 664 2299 Goerenzius
690 2247 983 2315 defendere-debebat,
1011 2267 1067 2301 non
1090 2260 1201 2301 mutare.
1236 2250 1260 2300 ld

293 2342 372 2394 etiam
389 2335 456 2389 vidit
472 2332 643 2384 Wernsdorf.
671 2332 705 2382 ud
727 2333 825 2402 Philip.
842 2332 876 2397 3,
896 2333 921 2384 9.
940 2353 966 2403 p.
984 2332 1027 2385 46.
1046 2351 1200 2402 quamquam
1215 2351 1258 2384 non

291 2425 355 2476 sutis
372 2428 493 2471 accurate
511 2436 567 2469 rem
586 2414 721 2484 explicuit.
754 2422 848 2471 Sensus
868 2430 923 2472 est:
943 2429 971 2471 et
992 2437 1070 2488 quum
1087 2420 1126 2470 itu
1143 2421 1188 2471 ille
1206 2419 1258 2468 mihi

290 2505 436 2560 landandus
456 2504 506 2568 sit,
524 2513 649 2570 tantoque
669 2504 756 2556 studio
781 2515 912 2574 praestet,
939 2524 1033 2558 vereor
1057 2514 1108 2556 etc.
1146 2503 1257 2566 Quinctil.

289 2596 353 2643 lust.
372 2591 421 2654 10,
437 2587 471 2655 7„
489 2586 532 2640 28.
549 2589 591 2640 Ac
609 2591 719 2654 nescio,
738 2609 775 2642 an
796 2601 956 2662 atrumque,
981 2609 1064 2661 quum
1087 2609 1153 2641 cura
1169 2600 1195 2642 et
1212 2602 1258 2641 stu·

289 2675 337 2730 dio
363 2670 531 2744 fecerimus,
551 2676 669 2728 invicem
696 2679 803 2745 prosit,
832 2687 863 2728 ut
887 2674 1030 2728 scribundo
1056 2674 1182 2729 dicamus
1206 2672 1258 2726 dili-

289 2763 418 2832 gentius,
441 2757 557 2811 dicendo
585 2755 735 2810 scribamus
748 2755 881 2829 facilius.
917 2762 1111 2814 Sententiarum
1132 2758 1259 2823 nexumin

288 2846 339 2908 10,
359 2845 393 2904 2,
410 2841 537 2895 tubeae
558 2844 680 2913 exposuit
703 2847 891 2913 Frotschcrus,
919 2847 1067 2917 Spaldingii
1092 2847 1260 2898 coniecturam

288 2929 423 2983 refellens.

323 3015 427 3066 Sallust.
446 3010 595 3081 B,1ug.4‚
613 3013 640 3067 3.
658 3025 742 3086 atque
760 3034 811 3086 ego
832 3016 911 3070 credo
924 3011 1013 3086 fore,
1042 3017 1108 3087 qui,
1134 3015 1205 3086 ,quia
1221 3012 1260 3066 ‹le-

288 3102 362 3152 crevi
379 3098 477 3168 procul
495 3118 512 3153 a
530 3098 674 3169 republica
692 3110 812 3154 aetatem
832 3120 928 3172 agere,
959 3110 1038 3154 tauto
1065 3113 1178 3173 tamque
1203 3098 1260 3152 utili

279 3181 380 3235 labori
397 3201 456 3236 meo
482 3201 582 3236 uomere
605 3187 722 3239 inertiae
748 3188 904 3255 imponant.
945 3189 1017 3240 Haec
1034 3189 1069 3239 ad
1084 3184 1260 3239 antecedentia

285 3268 446 3337 respiciunt,
464 3268 491 3317 in
510 3268 602 3336 quibus
621 3268 654 3319 de
671 3287 765 3336 magno
783 3289 829 3322 usu
853 3272 995 3324 memoriae
1021 3291 1110 3324 rerum
1137 3282 1259 3339 gesturum

285 3355 382 3422 agitur.
418 3354 543 3417 Quinctil.
564 3355 611 3418 10,
628 3355 654 3417 2,
673 3356 717 3408 20.
738 3356 830 3427 Atque
850 3376 901 3428 ego
919 3356 965 3411 illi
982 3362 1169 3429 praeceptori,
1189 3373 1260 3425 quem

286 3437 464 3494 instituebum
482 3444 512 3494 in
532 3437 602 3492 libro
622 3439 760 3506 secundo,
788 3440 893 3495 credidi
912 3461 968 3495 non
994 3464 1027 3497 ea
1053 3441 1119 3494 sola
1140 3439 1259 3493 docenda

200 3590 204 3597 Ι
284 3541 360 3590 esse,
380 3523 506 3596 adquae
524 3543 659 3596 quemque
676 3525 878 3597 discipulorum
896 3538 995 3580 natura
1018 3529 1208 3597 'compositum
1224 3528 1259 3579 ui·

283 3607 367 3662 deret.
387 3609 405 3660 i.
426 3627 450 3661 e.
468 3621 495 3662 et
512 3611 550 3661 ita
571 3629 639 3681 ego,
659 3611 716 3666 und
733 3630 764 3664 so
781 3609 897 3684 glaubte
912 3609 964 3667 icls.
1000 3613 1040 3664 De
1060 3614 1122 3664 loco
1141 3612 1175 3680 8,
1190 3611 1222 3678 3,
1237 3609 1260 3661 l.

283 3705 345 3746 ante
364 3696 467 3764 loquuti
484 3714 578 3747 sumus.

297 3801 350 3862 22.
382 3798 434 3862 Ex
448 3796 498 3861 his
518 3797 613 3862 facile
631 3798 815 3886 colligitur,
837 3802 1009 3885 quomodo
1027 3801 1134 3882 occi,
1167 3812 1260 3886 otqrre

212 3881 244 3944 si
260 3881 405 3959 dicutur,
430 3892 462 3947 et
480 3904 544 3969 qua
563 3883 691 3948 ratione
706 3885 741 3948 id
757 3889 945 3971 comparari
967 3869 1180 3974 poiiif'b'um
1203 3905 1261 3948 usu

210 3966 361 4032 vocabuli
386 3967 517 4056 quodsi.
561 3971 750 4056 Utrumque
776 3970 866 4036 cuim
889 3973 931 4036 ud
954 3974 1128 4060 superiora
1153 3970 1260 4057 respi-

211 4072 284 4124 cere
305 4053 431 4130 iultet's‘
446 4056 613 4141 flectitque
636 4055 813 4121 sententias
836 4057 876 4120 ud
899 4081 935 4123 se
959 4059 1103 4124 invicem
1127 4057 1259 4122 relatus.

209 4133 268 4199 Est
282 4138 384 4223 igitur
398 4162 440 4204 uc
456 4141 505 4220 si,
525 4141 560 4204 in
578 4141 637 4206 huc
656 4163 773 4207 rerum
787 4146 1048 4232 consequutinnc
1065 4145 1095 4209 si
1112 4153 1176 4213 etc,
