2618 4770
222 332 287 403 632
684 328 787 400 AVT.

292 490 355 561 pler
373 494 441 554 aut,
460 487 554 542 eadem
569 484 695 541 contenit
713 484 858 557 duplicato.
873 481 933 539 rid.¹
940 496 968 536 a.
983 480 1010 542 8.
1037 481 1120 536 Ture.
1127 479 1155 551 5,
1164 480 1252 548 41111

295 586 348 630 aut
361 573 448 639 bibat,
467 577 569 646 iuquit,
583 582 633 626 aut
646 568 740 629 abeat.
760 570 905 624 Doelekius
920 569 949 621 in
960 570 1109 624 Grammat.
1122 567 1254 641 p.138.rt·

291 672 339 731 gat
356 661 423 712 haec
440 660 538 729 opponi
563 658 687 728 proprie:
708 656 779 726 quod
803 655 914 708 falsum:
931 654 1104 722 negationem
1124 652 1256 706 alteriusir

293 765 323 799 se
339 746 420 797 habet
436 745 555 796 alterum.
587 745 681 794 Horat.
700 745 783 793 Serm-
800 741 835 805 2,
852 739 888 805 7,
905 738 966 792 117.
988 750 1040 793 aut
1058 742 1169 795 insanit
1184 747 1256 811 poelt,

291 842 344 886 aut
360 847 456 884 versas
470 823 558 898 facit.
582 827 649 879 haec
672 826 723 879 sibi
740 835 923 895 opponuntur,
949 834 979 877 ut
1004 827 1116 881 tertium
1144 823 1257 893 interpou'

218 964 224 983 ,
290 934 346 971 non
371 914 464 986 possit.
498 915 584 964 Carm.
603 909 636 976 3,
661 910 713 975 19,
741 911 784 964 11.
807 909 894 965 tribus
918 919 970 963 aut
995 926 1099 963 novem
1133 913 1257 968 misceatur

291 999 404 1076 cyatdis
423 996 528 1071 poeula
546 995 709 1050 conrmodis.
741 997 875 1048 Bentleins
896 1012 951 1048 non
976 994 1185 1063 improbabilem
1204 1001 1258 1062 pcttt

293 1087 404 1140 aliorum
420 1084 548 1135 librorum
564 1081 721 1152 scripturam
741 1091 792 1133 aut
815 1080 905 1135 tribus
923 1081 975 1132 hoc
993 1099 1088 1132 sensu:
1107 1090 1157 1132 aut
1174 1076 1258 1131 tressi

274 1185 426 1223 nnmerum
454 1166 633 1233 Gratiarum„
648 1175 695 1221 aut
717 1183 811 1218 norem
831 1184 863 1219 ex
882 1183 992 1218 numero
1009 1168 1165 1219 Musarum:
1193 1173 1260 1214 utrm

291 1252 391 1310 mltis?
407 1254 442 1302 At
458 1240 526 1321 quae
543 1260 702 1320 sequuntur,
729 1251 808 1302 alium
825 1269 929 1303 sensnm
952 1252 1092 1320 postulant
1115 1249 1202 1300 hunc:
1223 1246 1260 1298 tn‘·

289 1342 355 1405 bus,
381 1348 427 1390 ant
449 1336 538 1405 potius
564 1352 659 1388 norem
682 1335 784 1404 cyathis
806 1335 949 1388 miscentur
970 1336 1056 1389 hodie
1081 1335 1196 1406 pocula:
1215 1348 1260 1385 utu

288 1424 407 1477 insanire
425 1422 504 1474 iurat.
538 1421 622 1488 Igitur
640 1421 714 1490 prius
730 1430 780 1475 aut
800 1431 873 1473 recte
892 1421 1031 1475 omittitur·

303 1531 337 1592 2.
362 1510 534 1589 interdurn
549 1523 586 1586 in
608 1520 670 1585 hae
691 1544 807 1588 rerum
831 1524 1046 1613 oppositione
1061 1546 1136 1589 non
1151 1518 1262 1587 tamad

219 1610 254 1682 id
269 1610 463 1698 respicitur,
486 1608 576 1693 quod
597 1607 737 1674 alterum
755 1609 795 1672 ab
811 1610 914 1674 altaro
929 1603 1261 1701 tolliturffffl,

132 1708 136 1718 ‘
219 1710 260 1764 ut
276 1693 661 1844 Quumque
682 1694 885 1759 excludatur.
927 1696 1043 1759 Horat.
1060 1696 1177 1759 Germ.
1192 1696 1222 1776 t,
1238 1695 1262 1774 8,

219 1790 254 1852 6.
279 1804 363 1874 quau
378 1791 438 1844 aut
485 1770 901 1866 Wnsrntprt‘tttit'aut
916 1780 1060 1867 Scopas.
1077 1844 1080 1849 .

334 1900 428 1953 Horat.
445 1903 501 1952 Art.
518 1919 545 1969 p.
560 1898 620 1954 333.
637 1910 689 1953 aut
704 1898 838 1970 prodesse
849 1899 959 1970 volunt,
978 1911 1030 1954 aut
1051 1896 1196 1954 delectare
1209 1913 1262 1966 ptr·

291 1997 347 2042 tae.
364 2003 416 2055 qno
440 2002 494 2037 non
519 1984 615 2036 dicitur
640 1994 749 2054 poetas,
776 1987 821 2055 qni
846 1989 938 2041 volunt
962 1986 1109 2055 prodesse,
1135 1984 1205 2037 vello
1219 1998 1262 2035 nor

293 2073 444 2134 delectare,
469 2069 516 2120 sed
536 2086 581 2120 eos
604 2079 710 2143 praeter
736 2072 879 2125 utilitatem
907 2080 944 2126 et·
960 2071 1172 2124 delectationem
1196 2068 1262 2120 aliam

289 2175 349 2210 ram
370 2155 468 2206 unllam
489 2159 589 2206 curare.
624 2155 678 2206 Cic.
699 2155 732 2208 de
757 2158 820 2224 Lag.
844 2159 916 2211 Man.
941 2154 993 2222 11,
1020 2155 1065 2208 29.
1093 2173 1168 2226 quae
1194 2163 1263 2206 tante

289 2250 355 2295 sunt
372 2243 401 2294 in
418 2237 469 2291 doc
484 2256 555 2303 nno,
583 2251 690 2311 quanta
715 2245 744 2295 in
764 2242 890 2296 omnibus
911 2239 1028 2312 reliquis
1048 2236 1263 2310 imperatoribus,

233 2335 239 2345 '
291 2342 362 2400 quos
386 2333 438 2376 aut
460 2322 581 2376 uidimus
598 2336 648 2376 aut
665 2325 839 2393 audivimus,
868 2343 925 2378 non
935 2320 1067 2394 fuerant.
1102 2323 1263 2376 Tertiumne

289 2409 402 2477 cogitari
420 2407 525 2475 quidem
539 2418 636 2479 potest.
668 2411 727 2465 Liv.
746 2408 797 2479 42,
815 2410 849 2477 6,
870 2409 912 2462 15.
930 2420 1041 2481 partem
1060 2407 1205 2481 planitiae
1221 2417 1263 2460 aut

221 2506 224 2511 ’
292 2495 371 2549 Iovis
386 2489 523 2561 templum
541 2503 593 2546 aut
609 2495 747 2565 oppidum
772 2479 855 2550 tenet.
889 2495 977 2549 Tacit.
997 2496 1088 2547 Germ.
1108 2492 1136 2546 5.
1155 2494 1261 2573 tarpeia
1301 2504 1303 2527 ¹

288 2575 445 2629 universum
463 2584 514 2628 aut
529 2573 745 2633 silvis'ltorrida
767 2591 817 2634 aut
837 2578 992 2652 paludibus
1004 2575 1112 2650 foeda.
1140 2580 1160 2633 i.
1179 2597 1203 2632 e.
1225 2575 1261 2629 uti
1300 2572 1303 2605 ²

288 2679 344 2715 non
363 2671 424 2714 snut
442 2661 538 2730 silvae,
561 2648 670 2732 [fides
693 2676 767 2718 sunt:
793 2667 864 2736 quod
886 2667 955 2718 male
975 2667 1189 2736 interpretantur
1208 2681 1261 2737 par·

217 2783 219 2786 <
288 2751 340 2804 tim
357 2767 391 2788 ’-
409 2748 522 2818 partim.
555 2749 590 2801 Et
607 2752 713 2804 Beierns
730 2752 797 2804 adeo
822 2752 856 2804 ad
877 2751 931 2804 Cic.
951 2750 984 2825 de
1002 2751 1055 2803 Off.
1076 2751 1109 2817 1,
1127 2751 1162 2817 3,
1179 2750 1206 2802 9.
1220 2746 1260 2803 ast

286 2837 453 2905 anquirunt,
483 2844 533 2886 aut
558 2835 728 2888 consultant.
752 2836 833 2888 dixit:
858 2837 973 2906 „duplex
995 2845 1047 2888 aut
1070 2836 1116 2888 hic
1134 2832 1260 2902 coniungit

287 2920 371 2988 magis
387 2937 464 2987 quam
481 2919 623 2986 disiungit,
641 2921 742 2988 pariter
763 2938 794 2972 ac
810 2916 854 2972 44.
871 2933 922 2974 aut
948 2918 1119 2975 liberalitati
1135 2931 1196 2989 *ant
1218 2919 1259 2971 lto·

286 3006 418 3059 aestati-‘⁴
452 3005 512 3071 Ipse
534 3013 622 3056 tamen
639 2994 777 3073 distinguit
795 3025 876 3073 genus
897 3007 1026 3060 diversum
1043 3015 1200 3073 argumenta
1214 3021 1258 3055 un-

286 3090 366 3158 dique
385 3088 600 3156 conquirentium
623 3098 650 3140 et
676 3090 885 3143 consultantium.
921 3093 993 3153 Quae
1009 3090 1050 3143 rir
1069 3091 1166 3143 doctas
1181 3109 1207 3160 p.
1222 3085 1258 3140 86.

288 3172 468 3242 comparati,
485 3174 536 3240 11,
555 3173 598 3228 36.
616 3173 649 3240 1,
668 3173 719 3240 20,
737 3172 780 3226 66.
797 3187 823 3228 et
838 3175 881 3228 69.
900 3176 988 3228 omnia
1004 3176 1033 3226 in
1049 3193 1080 3228 se
1097 3176 1197 3228 habent
1215 3191 1256 3226 ne·

287 3259 435 3329 gationem:
455 3258 488 3310 de
505 3277 556 3327 qua
573 3260 632 3312 ride
652 3277 679 3315 n.
695 3259 721 3313 9.

301 3368 333 3428 3.
354 3362 520 3427 Praemitti
536 3360 873 3449 potest'disiunctioni
887 3364 1074 3447 communis
1095 3358 1255 3451 utriusque

217 3447 321 3536 partis
343 3446 447 3510 notin.
488 3445 537 3511 Ita
563 3449 661 3513 etiam
685 3446 1067 3550 praecedit-..ppp'upctio
1091 3459 1254 3543 utramque
1300 3474 1303 3597 p

215 3542 495 3623 radamantus·
792 3534 795 3539 '
846 3534 853 3540 '

323 3651 377 3704 cic.
391 3654 469 3706 Tusc.
491 3651 524 3719 5,
545 3653 595 3719 30,
612 3653 654 3706 84.
671 3653 744 3710 nilril
761 3653 878 3717 bonum,
897 3655 952 3708 nisi
969 3662 1088 3707 naturae
1102 3657 1200 3725 primis
1215 3651 1252 3706 lra-
1301 3636 1303 3663 Ι

286 3740 330 3791 nis
349 3748 399 3790 aut
420 3737 546 3792 omnibus
568 3750 618 3792 aut
642 3743 771 3794 maximis
786 3736 860 3808 frui.
884 3739 929 3790 ubi
942 3755 1003 3807 *non
1030 3756 1088 3789 cum
1118 3740 1252 3793 Goerenzio

283 3823 440 3888 abiiciamv.
460 3823 558 3895 bonis.¹
581 3825 614 3876 de
635 3825 743 3891 Fini,
762 3822 874 3890 18,61.
893 3821 946 3878 alii
966 3825 1067 3876 minati
1091 3833 1120 3878 et
1143 3826 1251 3895 angusti,

285 3918 336 3959 aut
355 3911 449 3961 omnia
472 3927 579 3980 semper
595 3908 789 3977 desperantes,
817 3919 868 3958 aut
892 3905 1036 3962 malevoli.
1070 3908 1104 3961 de
1131 3929 1184 3980 qno
1200 3911 1251 3960 loco

283 3991 336 4043 vid.
360 3993 487 4046 Matthiae
503 3995 531 4047 in
548 3995 660 4047 Miscell.
679 4005 706 4046 et
729 3996 858 4044 Goerena.
873 3989 909 4058 4,
925 3991 979 4058 21,
994 3991 1038 4049 60.
1057 4009 1094 4046 ex
1110 3991 1154 4047 liis
1173 3993 1254 4057 rebus,

284 4093 354 4147 quas
371 4077 440 4145 dixi,
459 4090 510 4132 aut
520 4078 650 4150 plurimis
665 4089 716 4154 aut
730 4078 913 4148 gravissimis.
930 4079 1037 4130 Terent.
1063 4079 1132 4130 And.
1149 4078 1176 4144 3,
1195 4080 1220 4145 1,
1234 4078 1255 4131 5.

282 4167 392 4218 utinam
416 4174 466 4218 act
489 4162 535 4222 lu‘c
557 4162 674 4230 sadus,
703 4171 756 4217 aut
778 4158 846 4219 laec
870 4158 1051 4234 antefacta
1069 4168 1126 4237 sit.
1162 4167 1254 4223 Tamen
