2648 4762
197 328 261 395 378
651 321 783 389 ANTE.

212 544 215 551 ,
265 481 323 538 Ltv.
338 480 382 542 26,
402 476 446 545 89,
464 475 489 530 5.
506 475 622 532 classem
641 479 746 548 uiginti
767 478 889 541 navium,
906 478 977 532 siout
990 485 1056 531 onte
1072 473 1182 533 dictam
1201 485 1255 540 ert,

147 566 155 591 ⁴
264 566 371 640 offecit.
405 566 490 616 Multa
508 564 618 631 collegit
634 564 832 616 Drakenborch.
854 564 888 616 ad
904 561 956 627 87,
973 557 1051 629 6,4.
1126 576 1156 595 ·.

285 690 337 750 17.
373 682 704 831 Saepeconiunpitur
726 681 993 768 particulatam,
1023 701 1087 767 qua
1111 687 1259 763 augetur

200 763 370 865 oppositio
387 780 590 857 temporum.
632 768 683 830 Tos
697 768 799 831 seleon
813 765 935 855 fecilior
942 816 952 848 ,
976 767 1079 831 sclina
1098 763 1256 849 elredem.
1304 826 1309 834 ,

311 892 396 944 Plaut.
423 891 499 958 Epid.
528 889 563 956 1,
590 887 623 951 1,
647 886 690 940 30.
713 898 745 941 at
773 892 830 942 iam
846 898 912 941 ante
936 886 988 941 olii
1007 882 1142 956 fecerunt
1168 883 1272 959 idom.-

265 976 341 1029 Trin.
366 973 400 1041 4,
436 975 468 1038 1,
494 972 520 1026 9.
544 984 627 1046 atque
651 971 723 1026 banc
750 971 874 1046 gloriam
897 973 955 1026 iam
977 982 1043 1025 anto
1062 965 1180 1025 auribus
1209 987 1257 1022 ao·

267 1079 402 1135 ceperam.
434 1108 439 1117 ,

285 1183 336 1247 18.
366 1175 537 1242 Interdum
557 1175 745 1242 adverbium
770 1174 816 1240 ita
840 1178 989 1263 positum
1011 1181 1060 1240 cst
1085 1180 1161 1239 'ante
1184 1193 1256 1237 no·
1274 1219 1301 1231 s,

198 1264 330 1333 minum
346 1262 583 1343 accusativum,
609 1273 646 1327 ut
666 1261 859 1346 ambiguitas
881 1261 1058 1348 quaedum,
1086 1257 1140 1323 vel
1162 1267 1256 1322 certo

200 1351 382 1449 obseurjitas
399 1349 581 1415 exsisteret.
626 1347 665 1413 In
681 1348 733 1413 liis
751 1350 875 1413 veteres
899 1357 991 1415 erant
1013 1366 1084 1410 non
1105 1343 1256 1408 nimium

157 1504 166 1515 ,
199 1456 334 1504 currosr.

300 1555 397 1624 Virgil.
421 1557 471 1612 Ge.
494 1554 527 1624 3,
550 1553 611 1610 ste.
639 1551 753 1623 pallida
788 1553 942 1626 Tisiphone
960 1548 1073 1609 morbos
1096 1551 1161 1621 agit
1186 1557 1259 1604 anto

265 1652 431 1713 motumque.
464 1642 533 1693 Plio.
556 1643 618 1693 Pan.
635 1638 686 1705 75,
709 1639 735 1694 8.
760 1651 792 1694 ut
815 1645 1003 1719 experimento
1030 1637 1255 1708 cognosceretur,

266 1737 296 1781 et
314 1737 380 1780 onte
399 1743 451 1778 nos
470 1736 585 1798 gratos,
604 1724 654 1778 sed
674 1729 789 1779 miseros
805 1721 909 1796 juisse.
934 1726 980 1776 ubi
1005 1714 1109 1792 Lipsius
1135 1720 1256 1774 coniecit

265 1824 332 1868 anto
350 1831 407 1865 non
421 1816 557 1884 ingratos.
590 1811 648 1887 Liv.
663 1811 706 1873 21,
727 1806 1056 1874 lateranensium
1073 1817 1140 1863 onte
1153 1802 1255 1878 finem

234 1926 238 1949 ι
266 1917 381 1971 pugnae
399 1915 482 1970 quom
500 1898 646 1951 morientes
657 1891 798 1965 fecerunt.
1176 1884 1178 1890 ’

281 2021 334 2080 19.
362 2015 546 2080 Redeamus
561 2015 602 2080 ad
620 2012 777 2098 quasdam
801 2012 877 2078 alias
899 2011 1075 2077 formulas.
1117 2011 1160 2077 In
1182 2018 1253 2077 no-

198 2101 355 2166 minanda
372 2111 459 2166 certa
475 2100 553 2169 anni
568 2101 620 2163 die
635 2098 742 2162 Latini
756 2107 894 2164 utuntur
907 2097 1067 2162 vocabulo
1085 2110 1168 2162 ante
1185 2097 1252 2162 du-

197 2186 277 2279 plici
302 2187 427 2252 modoz
455 2188 605 2273 primum
629 2207 688 2259 co,
720 2206 786 2271 quo
822 2186 1118 2272 aerte'opponitur
1145 2183 1250 2249 verbo

195 2283 292 2358 post,
317 2283 354 2334 ut
368 2275 529 2335 terminus
548 2281 655 2334 certus
698 2280 836 2350 onatur,
855 2291 1033 2357 ¹quousque
1051 2292 1103 2334 res
1119 2268 1267 2357 produ-'

199 2367 292 2420 catur
312 2357 362 2420 vel
380 2356 574 2443 prolatetur.
604 2355 657 2418 Sic
668 2291 799 2420 lioelius
816 2356 857 2420 ad
874 2357 940 2419 Cic.
949 2356 1011 2443 Ep.
1031 2359 1062 2438 8,
1083 2359 1116 2436 8,
1136 2358 1192 2419 24.
1214 2376 1252 2419 se

199 2449 280 2506 unte
309 2441 503 2506 calmont.
529 2464 599 2505 nen
617 2441 815 2526 perreriae
838 2442 970 2505 iniuria
1001 2441 1043 2516 cle
1088 2439 1250 2520 rooinoiia

200 2525 362 2591 Caesaris
386 2537 555 2592 statuere:
581 2538 664 2614 post
702 2525 770 2591 cel.
794 2538 898 2593 mart.
931 2550 967 2591 se
1000 2525 1043 2591 du
1068 2517 1248 2590 iterarunt.

197 2610 288 2675 Turn
305 2611 414 2701 ipsum
433 2611 540 2686 diem,
572 2635 638 2698 quo
657 2610 780 2697 aliquid
796 2611 922 2680 factum
937 2613 978 2676 sit
992 2612 1044 2678 vel
1059 2610 1137 2692 fiat,
1160 2610 1250 2674 desi-

197 2718 312 2782 gnasse
333 2697 485 2760 videntur
500 2698 775 2785 pervocabulum
801 2709 892 2762 onte.
934 2697 1021 2762 Nam
1038 2698 1157 2760 Cicero
1176 2706 1249 2760 ter-
1297 2743 1306 2749 --

196 2783 279 2847 tiam
302 2782 523 2870 Philippicam
544 2784 738 2847 recitaverat
762 2782 814 2846 die
838 2781 917 2847 ΧΙΙΙ
945 2793 1020 2845 ante
1043 2783 1103 2848 cal.
1130 2782 1249 2856 ianua-

193 2868 279 2932 rias:
301 2891 373 2932 eam
397 2870 433 2933 in
458 2879 542 2941 orat.
562 2873 619 2945 14,
643 2872 683 2942 7,
707 2873 780 2942 20.,
808 2878 846 2931 01
869 2866 967 2953 vulgo
991 2867 1163 2941 scribitur,
1196 2865 1248 2929 his

195 2952 305 3018 verbis
323 2964 582 3019 commemorat:
614 2954 781 3018 memoria
806 2964 939 3030 tenent,
974 2975 1028 3019 me
1052 2950 1250 3029 antediem

197 3037 300 3104 XIII
308 3039 473 3104 calendas
491 3040 675 3123 ianuarias
716 3039 881 3126 rincipem
906 3037 1120 3102 revocandae
1142 3035 1249 3101 liber-

198 3122 417 3213 tatisjur'sse.
460 3126 547 3190 Haec
571 3063 738 3205 formulis,
760 3122 795 3188 in'
811 3119 958 3210 epistolis
975 3122 1248 3188 Ciceronisalio-

197 3231 340 3297 rumque
357 3211 543 3296 saepissime
560 3211 672 3288 obvia,
691 3219 894 3301 quantopere
914 3210 1098 3274 exercuerit
1118 3209 1250 3295 ingenia

198 3296 626 3381 grammaticorum,·inter
662 3319 777 3360 omnes
801 3306 939 3360 constat.
997 3307 1125 3383 Agmen
1158 3295 1250 3373 ducit

196 3381 362 3446 Manutius
385 3381 426 3444 ad
451 3382 519 3445 Cic.
536 3381 642 3469 Epist.
663 3381 754 3446 Fam.
773 3387 812 3465 8,
838 3387 889 3446 12.
913 3381 1145 3446 demonstrans
1166 3391 1258 3456 ante
1303 3375 1309 3382 ’

197 3465 291 3530 diem
307 3467 446 3538 tertium
461 3490 571 3532 nonos
593 3478 666 3531 'csse
689 3467 788 3532 tertio
815 3467 868 3532 die
893 3476 969 3530 ante
988 3489 1107 3530 nonas.
1159 3465 1249 3530 Eum

196 3551 232 3615 in
248 3552 310 3615 hac
327 3552 545 3638 explicatione
562 3554 692 3639 sequuti
707 3563 785 3616 sun-t
802 3553 955 3640 Sigonius
965 3553 1013 3614 ad
1026 3553 1096 3616 Liv.
1113 3554 1173 3630 27,
1194 3556 1249 3632 23,

196 3640 230 3699 7.
254 3638 443 3701 Perizonius
468 3637 508 3701 ad
529 3637 600 3702 Liv.
624 3641 685 3717 41,
710 3644 767 3715 16,
789 3643 821 3703 5.
853 3638 1028 3701 Salmasius
1044 3638 1079 3700 in
1094 3636 1250 3723 Epistola

199 3725 271 3785 124.
297 3723 429 3786 Cortius
449 3721 490 3786 ad
509 3722 577 3785 Cic.
594 3722 699 3808 Epist.
716 3729 755 3802 2,
779 3727 829 3787 17.
854 3721 984 3808 aliique.
1028 3723 1119 3786 Tum
1140 3721 1250 3786 inter-
1298 3722 1302 3735 ¹

196 3817 305 3892 pretes
324 3807 369 3878 de
380 3830 491 3871 caussa
508 3818 699 3894 quaerentes
724 3809 758 3872 in
783 3808 925 3872 diversas
950 3818 1059 3894 partes
1085 3808 1250 3873 discesse-

175 3929 178 3935 ‚
196 3902 286 3954 runt.
329 3893 439 3973 Altera
455 3893 543 3956 enim
559 3915 637 3990 pars
654 3905 736 3958 ante
755 3892 847 3958 diem
861 3894 998 3956 tertium
1014 3893 1181 3957 calendas
1193 3893 1250 3956 in-

196 3976 300 4063 telligi
315 3976 478 4063 putabant
493 3988 628 4042 tertium
642 3979 729 4043 diem
742 3989 816 4042 ante
833 3979 997 4058 calendas,
1021 4000 1164 4064 eumque
1182 3979 1250 4044 dici
1281 4028 1286 4045 .

197 4083 258 4148 per
276 4062 497 4149 anastrophen
513 4086 576 4150 pro
596 4065 696 4128 tertio
723 4063 779 4128 die
802 4076 882 4129 ante
906 4064 1081 4129 calendas.
1125 4063 1166 4127 ld
1186 4064 1251 4130 de-

197 4156 423 4219 monstratum
441 4147 573 4217 iverunt
591 4150 677 4217 And.
699 4149 857 4217 schottus
880 4150 917 4217 in
942 4150 1113 4220 Observat.
1130 4152 1172 4234 6,
1191 4148 1262 4218 31.
