2618 4770
579 358 650 427 ΔΝ.
1073 369 1138 436 306

112 538 132 583 ι
148 516 315 584 exsistunt
329 512 497 580 formulas
512 513 679 581 incertum
698 535 778 594 an,
793 512 911 581 dtrbito
934 541 999 600 αιι,
1025 523 1139 586 nereio

112 626 153 686 ιι,
177 603 341 688 aliaeque,
364 600 538 686 inquibus
562 599 757 663 bimembris
773 597 948 667 disiunctio
965 607 1138 672 recondita

112 710 157 754 on
174 687 283 754 verbis
299 687 516 773 exprimitur,
544 693 656 749 tamen
673 684 877 769 intelligitur.
923 688 1034 768 Quare
1048 693 1138 756 anti.

111 794 218 924 prores
233 772 448 861 ¹grammatici
461 771 496 834 in
512 770 695 918 praeceptis
713 771 916 855 docuerunt,
939 796 986 844 on
1005 799 1139 863 semper

118 859 313 948 eplnribus‚
337 853 390 922 vel
406 857 446 921 de
463 852 587 920 duabus
601 875 637 919 re
662 875 699 917 us
721 855 857 919 diciret
882 868 971 922 reete
994 861 1139 946 quidem.

111 946 150 1011 let
170 946 259 1010 enim
287 942 463 1006 disiunctio
491 958 554 1028 per
576 937 708 1029 ellipsin
733 949 1052 1031 contrnotn,·neque
1079 971 1139 1029 an,

122 1030 182 1097 uod
202 1052 266 1095 nos
288 1047 351 1116 per
374 1025 415 1090 ob
437 1024 634 1108 reddamus,
665 1024 708 1088 id'
721 1033 852 1090 tantum
875 1028 1056 1116 significet,-
1080 1033 1139 1097 sed

110 1054 190 1183 labet
209 1122 265 1180 aut
278 1110 440 1200 requirit,
470 1113 523 1176 cui
547 1121 740 1198 opponatur
757 1111 880 1197 ipsum.
932 1113 998 1179 Vbi
1021 1116 1138 1182 Cicero

110 1198 294 1268 lcrtitudinis
319 1218 391 1262 non
408 1197 575 1261 iracundia
591 1195 813 1260 inflammatae
829 1200 983 1287 exempla
999 1200 1138 1267 afferens
1190 1270 1193 1277 ,

110 1287 217 1386 :cripsit
230 1281 331 1373 Tunc.
350 1281 389 1364 4,
411 1289 477 1372 22,
498 1285 550 1347 50.
572 1280 615 1345 de
634 1280 680 1344 L.
697 1280 807 1345 Bruto
815 1278 972 1369 fortasse
997 1285 1140 1352 dubita-

110 1368 215 1448 ce'nm,
244 1386 290 1449 aa
308 1379 455 1455 propter
480 1361 656 1453 infinitum
682 1366 801 1449 odiam
820 1367 963 1453 &runai
988 1369 1139 1459 effrena-

111 1446 162 1522 tius
175 1455 211 1521 in
227 1450 397 1532 Antiatem
417 1448 602 1517 invaserit:
621 1447 718 1515 video
732 1454 824 1516 enim
838 1463 1015 1542 utramque
1030 1458 1139 1522 comi-

110 1562 158 1607 tur
173 1542 239 1606 icta
259 1537 422 1605 cecidisse
442 1537 627 1602 contrario.
656 1538 740 1600 ratio
766 1532 951 1603 verborum»
969 1537 1050 1604 haec
1071 1551 1137 1615 est:

111 1624 318 1700 dubitaverim,
338 1631 494 1688 utrumne
511 1621 631 1686 Brutus
649 1620 879 1687 fortitudinem
895 1622 1047 1689 habuerit
1068 1650 1140 1693 non

111 1711 382 1792 irccomrnotam,
403 1731 444 1773 an
461 1708 593 1796 potius,
623 1707 712 1794 quod
739 1704 808 1772 aliis
834 1706 981 1792 videtur,
1011 1711 1141 1779 invase*

110 1796 333 1862 citellrenatius
348 1798 384 1859 in
401 1798 579 1858 Aruntem:
606 1794 697 1880 quod
719 1792 789 1857 fere
803 1791 897 1858 *idem
918 1804 967 1858 est
989 1817 1045 1878 cc,
1077 1820 1139 1862 ne-

141 1883 245 1951 verim.
287 1879 358 1945 Nos
382 1876 437 1944 ioli
458 1877 591 1968 zweifle
611 1874 669 1967 γοὐ.
718 1876 893 1944 'l'erentius
923 1899 1026 1967 quum
1052 1879 1138 1946 Eun.

112 1904 191 2047 lli,
211 1971 265 2034 20.
284 1967 350 2031 vait:
377 1968 434 2052 qui
452 1966 537 2044 scis,
560 1984 625 2040 aa,
651 1982 737 2051 quiae
761 1962 915 2040 iubeam,
931 1966 1013 2030 *sine
1031 1965 1064 2031 ui
1072 1966 1140 2054 fa-

113 2051 188 2119 ciat?
215 2053 314 2142 plena
337 2048 419 2114 haee
454 2051 517 2127 erit
537 2050 716 2114 sententia:
748 2048 805 2136 qui
820 2049 902 2131 scis,
925 2045 949 2116 i.
967 2073 996 2118 e.
1021 2055 1140 2135 nescis,

114 2137 311 2203 auctentum
333 2143 484 2218 coactus,
507 2136 678 2222 capotius
703 2133 774 2198 sine
798 2135 830 2199 vi
844 2131 965 2199 faciat'l
989 2137 1056 2220 siue
1079 2161 1141 2203 ex-

113 2232 203 2323 empta
226 2221 446 2287 dubitatione:
476 2222 532 2308 qui
551 2221 612 2284 scis
631 2238 706 2299 eum
725 2217 795 2284 sine
810 2221 841 2285 vi
864 2218 1027 2287 facturum
1048 2219 1141 2288 esse?

109 2303 149 2373 lta
160 2309 246 2375 rubet
262 2317 293 2373 et
316 2308 401 2372 ratio
425 2317 458 2371 et
480 2328 558 2379 usus
583 2306 798 2391 antiquorum
820 2306 1032 2393 scriptorum.
1075 2307 1142 2374 Re·

111 2393 255 2460 certiores
275 2400 404 2468 autem,
427 2378 614 2479 vulgarem,
632 2397 669 2454 ut
693 2391 838 2466 videtur,
866 2389 1143 2458 consuetudinem

109 2479 238 2567 aquati,
262 2477 489 2542 disiunctivam
507 2476 686 2577 particulae
702 2478 770 2540 vim
787 2473 1022 2564 neglexerunt,
1042 2487 1075 2543 et
1095 2502 1143 2543 (ιιι

109 2580 177 2647 pene
192 2561 336 2652 simplici
352 2561 591 2648 significatione
614 2560 811 2640 dubitativa,
834 2582 933 2648 quam
949 2582 1011 2626 nos
1026 2585 1086 2651 per
1101 2563 1143 2628 ob
1170 2603 1173 2611 ·

108 2647 279 2732 reddimus,
309 2667 437 2736 ponere
462 2651 714 2711 consueverunt.
766 2646 874 2733 Etiam
908 2647 964 2711 illa
993 2647 1143 2714 Terentii
1186 2656 1189 2661 “

108 2732 190 2803 rerba
207 2734 272 2801 hoc
286 2734 399 2798 modo·
417 2733 519 2820 accipi
539 2741 697 2819 possunt:
731 2733 845 2797 walter
866 2728 981 2880 wezil
1005 2733 1070 2810 da,
1102 2734 1143 2799 ol>

108 2822 280 2887 nacoliae
298 2814 536 2905 Zwangtlrua
552 2815 669 2881 wird?
708 2818 861 2881 Attamen
879 2816 913 2880 in
955 2817 982 2880 is
1006 2841 1141 2905 quoque

108 2902 253 2994 cxcmplis
280 2903 485 2969 reconditam
506 2900 717 2991 intelligimus
735 2902 984 2991 oppositionem
1008 2913 1042 2968 et
1067 2927 1144 2970 rna-

109 2986 199 3058 bi‘em
222 2986 462 3079 probabilitatis
478 2986 557 3053 vim.

194 3090 281 3146 Tacit.
299 3091 367 3144 Ann.
383 3089 416 3157 1,
434 3089 459 3142 6.
481 3088 594 3145 dubium
610 3108 647 3143 aa
665 3085 791 3161 quaesita
810 3095 905 3141 morte.
925 3076 995 3159 quod
1013 3106 1143 3143 uernacu-

162 3166 205 3231 lee
221 3178 326 3246 linguae
343 3191 390 3228 usu
407 3176 509 3245 decepti
526 3173 616 3229 dicunt
632 3191 689 3226 esse
706 3189 800 3226 aunon
820 3179 947 3245 qrraesita
965 3189 1061 3230 morte.
1097 3181 1144 3228 Est

161 3252 248 3315 eutem
267 3279 304 3313 an
331 3265 436 3332 potius·
455 3258 533 3312 etita
554 3257 588 3324 6,
608 3259 651 3312 50.
686 3257 770 3311 Tacit.
796 3262 864 3315 nnn.
887 3260 936 3326 14,
958 3256 985 3315 7.
1012 3265 1144 3316 incertum

161 3357 245 3421 acret
262 3356 329 3399 ante
344 3335 457 3417 gnaros.
493 3342 596 3396 Curtius
621 3339 655 3406 7,
672 3339 705 3407 5,
727 3335 770 3394 26.
796 3345 945 3400 multitudo
965 3364 1002 3399 aa
1019 3345 1144 3400 vindica·
1167 3337 1173 3342 ⁸

163 3440 226 3484 tara
247 3430 363 3484 Bessum
374 3423 484 3499 faerit,
514 3428 646 3482 incertam
663 3438 713 3480 cst·
748 3421 1144 3501 6,1,1u.expercusmem·
1252 3456 1262 3482 s

108 3567 113 3575 ,
147 3506 212 3568 'bra
229 3534 266 3568 an
284 3514 418 3586 impetam
438 3512 525 3566 animi
545 3513 623 3584 sequi
639 3518 762 3583 portent.
798 3515 890 3566 llcrat.
909 3512 1081 3578 carm.4,7,
1102 3514 1144 3566 17.
1185 3556 1188 3561 .

161 3601 313 3673 pertenit,
334 3617 371 3652 an
396 3597 531 3652 adiiciant
548 3595 699 3650 hodiernae
726 3600 847 3652 crastina
871 3619 994 3654 samniae
1018 3612 1145 3669 tempora

162 3684 196 3738 dt
212 3685 330 3755 superi?
348 3682 366 3735 i.
384 3701 407 3737 e.
425 3698 459 3734 en
480 3689 589 3748 contre,
607 3697 639 3733 tn
656 3683 753 3752 potins.
776 3684 802 3750 2,
821 3681 848 3748 4,
871 3684 912 3738 18.
931 3685 1045 3746 nescias,
1064 3704 1102 3735 an
1117 3695 1145 3738 te

161 3787 293 3844 generans
319 3760 395 3823 beati
421 3766 568 3840 Phyllidis
580 3765 679 3836 flavae
699 3766 981 3840 decorentparentes.
1013 3767 1078 3819 l’lln.
1095 3771 1144 3839 Ep.
1201 3834 1203 3845 Ι
1295 3749 1299 3765 ’

163 3851 199 3918 6.
220 3853 255 3920 8,
275 3853 301 3906 7.
320 3851 395 3926 qaod
412 3851 457 3908 illi
476 3863 512 3906 nn
526 3845 658 3921 fecerint,
678 3849 780 3906 nescio.
807 3853 826 3904 i.
843 3872 867 3906 e.
891 3862 926 3905 cn'
941 3869 970 3906 re
989 3869 1050 3905 vera
1069 3855 1146 3908 fece·

162 3936 228 3999 rint.
254 3937 288 4004 6,
309 3937 360 4003 21,
377 3937 403 3990 8.
420 3939 529 4002 nescio,
543 3954 580 3991 an
602 3940 678 3990 noris
694 3934 851 3991 bominem:
875 3953 1041 4012 quamquam
1063 3959 1146 3995 nosse

123 4052 126 4057 ·
166 4021 260 4077 debes.
294 4018 365 4092 quod
391 4020 497 4075 Reiems
521 4020 555 4073 ed
581 4020 635 4075 Cic.
651 4023 711 4074 ion.
735 4021 767 4074 Τ.
784 4020 808 4074 1.
834 4039 863 4091 p.
879 4020 939 4076 837.
960 4032 1017 4074 non
1032 4022 1146 4078 debebat

165 4108 317 4178 explicare:
336 4114 422 4160 certor
441 4122 497 4160 enni
514 4104 563 4160 tibi
583 4116 674 4161 nomm
691 4125 759 4161 esse.
793 4109 884 4160 senec.
902 4110 993 4166 contr.
1014 4109 1039 4162 1.
1060 4111 1145 4164 Praet'.

165 4208 196 4264 p.
214 4189 259 4248 69.
275 4193 362 4275 Elice-
381 4189 411 4251 ie
424 4190 492 4252 elii:
508 4204 601 4251 aecem
620 4187 834 4267 anybeusficium
846 4192 929 4346 potu
948 4192 1064 4251 hm:
1080 4197 1144 4264 sin.

871 4283 892 4344 0
