2618 4770
127 350 191 413 400
277 354 281 363 .

520 336 785 420 ANTEQVAM.

127 497 362 591 imperfectum
375 493 573 583 requiritur:
599 493 655 557 ubi
677 488 866 588 perfectum
887 490 1058 559 indicativi
1077 496 1154 583 pori·

126 599 201 662 tur,
232 608 286 650 res
316 603 378 671 per
407 604 442 646 se
474 589 621 662 constat,
657 588 689 642 et
716 577 907 663 designatur
933 587 1066 643 tuntum
1091 590 1154 665 certe

126 674 278 739 notione.

241 790 320 854 Quod
344 788 398 838 Cic.
422 790 494 838 Brut.
520 787 569 853 18,
593 786 636 840 72.
670 782 714 840 liic
738 784 842 839 Livius
863 811 900 826 -
926 801 1003 838 anno
1030 784 1150 854 ipsemts

198 896 281 951 quam
299 882 441 926 natusest
457 870 578 928 Ennius.
596 872 674 923 aliter
694 870 835 923 Suetonius
849 870 931 941 Veep.
948 870 977 926 2.
996 870 1150 941 quinquennis

198 972 285 1021 ante,
311 974 394 1027 qnam
414 956 561 1029 Angustus
586 955 740 1011 excederet.
776 954 833 1009 Lis.
852 952 962 1021 41,2,
981 953 1026 1008 10.
1044 950 1150 1024 proelia

197 1047 320 1103 atrocius
339 1067 372 1080 -
386 1032 469 1109 fuit,
495 1061 544 1098 nec
558 1051 625 1096 ante
639 1036 763 1111 finitum
782 1058 867 1114 qnam
885 1056 940 1112 pro
957 1041 1097 1111 paucitate
1108 1044 1148 1095 resi·

197 1132 332 1186 scentiam
345 1120 422 1196 fnit.

232 1231 287 1283 cic.
300 1229 330 1281 in
349 1227 477 1291 Vernl,
497 1222 626 1292 57,140.
647 1245 735 1297 neque
753 1229 784 1281 in
801 1224 854 1280 bec
876 1246 906 1282 re
931 1224 998 1281 sola
1020 1220 1083 1299 fuit
1101 1231 1145 1282 eius·

195 1317 284 1380 modi,
302 1313 360 1376 secl,
379 1324 529 1387 antequam
549 1331 601 1386 ego
623 1316 652 1368 in
664 1311 796 1367 Siciliam
811 1313 886 1378 oeni,
905 1315 936 1366 in
954 1314 1082 1368 maximis
1093 1310 1145 1368 rebss
1190 1350 1192 1359 ·

196 1423 230 1458 ae
246 1400 385 1473 plurimis.
423 1399 441 1449 i.
461 1417 485 1450 e.
509 1408 570 1450 ente
595 1399 734 1452 adveutum
758 1414 851 1450 meum.
887 1396 922 1448 nd
940 1401 995 1449 Att.
1011 1397 1047 1463 2,
1062 1397 1145 1469 aaa

101 1520 105 1529 ·
196 1488 261 1542 dem
279 1496 428 1557 antequam
449 1494 513 1536 tuas
537 1482 595 1555 legi
613 1483 743 1549 litteras,
763 1484 794 1537 in
812 1481 951 1535 nominem
968 1488 1010 1539 ire
1027 1481 1145 1552 copinas

196 1571 294 1640 Philip.
313 1569 362 1635 12,
379 1567 412 1632 9,
433 1567 477 1621 28.
497 1572 541 1623 eui
549 1564 604 1638 fui
620 1586 727 1639 semper
744 1568 869 1630 amiens,
895 1576 1047 1640 antequam
1063 1565 1145 1622 illers's

197 1653 329 1729 publicae
348 1652 488 1724 bonisque
500 1650 630 1706 omnibns
645 1663 705 1705 tam
731 1662 829 1723 aperte
850 1660 894 1704 est
917 1647 1023 1721 factus
1047 1653 1146 1706 inirnias.

196 1744 270 1794 Brut.
296 1736 346 1803 18,
371 1737 414 1790 49.
443 1749 595 1811 antequam
614 1736 754 1791 delectata
777 1733 990 1805 Atheniensium
1011 1734 1147 1791 cinitetlet

199 1824 286 1881 lande
306 1823 416 1892 dicendi
422 1860 429 1886 ,
449 1822 541 1876 multa
561 1824 618 1876 iam
636 1819 831 1876 memorabilia
846 1849 882 1863 -
898 1818 1041 1893 effecerat.

235 1928 292 1980 Liv.
311 1924 344 1989 5,
360 1912 411 1992 83,
429 1923 455 1979 5.
475 1925 599 1980 ducentis
616 1928 721 1998 quippe
744 1925 925 1987 annitente,
951 1942 1037 1996 qaam
1055 1920 1150 1978 Cissis!

196 2021 395 2086 oppugnarent
417 2008 564 2082 orbemque
589 2011 712 2065 Romam
731 2020 877 2082 caperent,
905 2012 935 2063 in
960 2006 1076 2062 Italiam
1093 2004 1151 2063 (isli
1190 2056 1193 2065 .

194 2095 444 2152 transcenderant.
486 2097 536 2146 Per
560 2096 743 2165 imperfectum
768 2094 932 2163 significetur
947 2093 1151 2164 temporisnetn
1182 2098 1193 2117 ¹¹

195 2182 293 2236 relatio
311 2189 339 2231 et
358 2196 447 2231 nexus.
483 2183 591 2231 Sueten.
616 2178 750 2232 Gaes.18.
778 2199 865 2251 neque
887 2196 980 2255 more,
1008 2182 1152 2251 neq-eurr.

195 2277 346 2337 antequam
364 2264 526 2331 prouinciae
550 2276 730 2328 ornarentur,
756 2260 903 2334 profectas
927 2274 990 2318 est..
1008 2281 1063 2315 non
1077 2264 1153 2317 estis-
1190 2251 1194 2259 ’

198 2361 257 2403 ctae
280 2349 320 2400 rei
345 2348 456 2417 simplex
477 2349 600 2413 notatio,
629 2350 677 2402 sed
696 2349 773 2401 simul
800 2341 962 2402 conditionis
988 2350 1060 2400 ratio
1083 2350 1108 2401 in
1121 2366 1153 2403 ns·

196 2435 285 2488 nenda
312 2443 389 2484 antea
411 2433 563 2504 provincia,
595 2453 661 2505 quae
689 2435 809 2504 quamvis
835 2433 941 2486 Caesari
969 2433 1077 2503 cognito
1098 2443 1156 2503 esset,

193 2531 282 2573 tumen
297 2518 432 2588 proiectus
451 2528 500 2573 est.

232 2640 288 2691 Cic.
305 2656 331 2707 p.
348 2637 437 2689 Pluuc.
451 2637 496 2702 41,
514 2636 557 2689 98.
576 2640 624 2711 qui
640 2647 791 2708 antequam
809 2633 844 2689 sle
861 2653 921 2689 meo
942 2636 1069 2692 adventa
1083 2635 1159 2692 auius

193 2728 404 2798 potuissent-
423 2722 452 2774 irs
471 2719 679 2775 Macedoniam
696 2722 736 2774 ad
755 2721 952 2794 Planciumque
967 2725 1089 2795 perrexi.

230 2847 263 2896 In
286 2841 384 2894 Tibull.
414 2840 447 2903 1,
472 2837 507 2905 8,
534 2836 577 2891 35.
602 2858 685 2913 quam
713 2837 781 2893 bene
807 2842 928 2894 Saturno
956 2839 1092 2896 vivebant
1113 2859 1162 2913 rege

193 2931 291 3003 prius,
310 2945 393 3000 quam
413 2921 499 2979 tellus
522 2927 551 2978 in
568 2923 668 2997 longas
685 2935 728 2978 est
744 2919 893 2994 patefacta
907 2928 980 2978 vias.
1000 2927 1118 2978 narranti
1129 2925 1162 2977 di·

195 3014 307 3066 cendum
334 3022 391 3063 erat
417 3013 583 3080 prinsquam
604 3005 752 3080 patefacta
771 3018 844 3062 esset
865 3009 920 3062 sive
937 3007 1107 3081 patefieret,
1128 3008 1165 3062 seb

193 3109 276 3168 poeta
290 3107 408 3149 versetur
427 3093 456 3145 in
472 3093 555 3162 ipsius
574 3094 699 3161 temporis
724 3092 918 3162 descriptione,
946 3105 977 3146 ut
992 3095 1062 3148 bene
1079 3094 1164 3147 Docle-

194 3185 256 3234 kins
274 3182 341 3233 vidit
357 3201 383 3250 p.
400 3176 461 3233 215.
504 3181 598 3245 Neque
622 3177 700 3228 aliter
723 3179 814 3230 Livius
839 3178 872 3245 9,
892 3178 1003 3244 13,1o.
1023 3181 1094 3249 qnod
1108 3180 1166 3231 iden

122 3252 125 3257 ⁵
192 3266 337 3319 Doelckius
363 3279 417 3314 non
441 3263 577 3333 perspexit
608 3263 739 3314 scribens:
771 3261 892 3319 obsessis
917 3268 1082 3336 priusquam
1106 3264 1167 3318 alter

193 3347 293 3406 consul
319 3349 425 3402 victore
450 3350 573 3400 exercita
602 3346 726 3400 advenit.
775 3348 946 3401 Scribendnm
975 3363 1034 3404 erut
1061 3351 1167 3405 obsessis

194 3435 293 3506 prius,
312 3453 395 3505 qnam
412 3461 447 3473 -
464 3430 597 3495 advenit,
622 3433 651 3483 in
671 3435 798 3501 temporis
817 3434 1012 3504 descriptione,
1038 3455 1105 3508 quae
1123 3436 1167 3488 nli·

195 3530 320 3592 quantum
339 3518 428 3570 differt
444 3534 459 3567 a
480 3533 567 3569 rerum
585 3517 746 3570 narratione.

125 3645 211 3712 Hinc
250 3641 415 3729 sequitur,
453 3637 603 3725 perfecto
641 3639 806 3704 indicativi
845 3639 961 3706 locum
999 3662 1072 3706 esse
1104 3640 1168 3729 ple-

126 3751 287 3816 rumque,
311 3727 367 3790 ubi
385 3724 432 3789 vis
450 3725 608 3787 orationis
625 3726 741 3788 nititur
760 3725 796 3788 in
820 3727 982 3814 temporis
1006 3726 1168 3812 particulis

127 3826 227 3890 ante,
239 3813 361 3900 prius,
383 3809 473 3896 quod
489 3807 527 3871 fir
544 3810 641 3872 etiam
658 3830 754 3897 saepe
770 3809 877 3875 addita
892 3814 1091 3899 negatione:
1108 3833 1171 3877 non

128 3911 229 3979 ante,
252 3922 313 3962 nco
330 3907 431 3975 onte,
450 3916 519 3957 non

127 3985 188 4049 obs

523 3893 639 4041 priua.
683 3896 755 3958 Hoc
771 3916 875 3982 quum
893 3896 1078 3962 Doclekius
1094 3897 1171 3962 bene

192 3993 349 4061 amasset,
373 4001 498 4044 novum
546 3989 691 4043 coretum
709 3979 946 4070 scarpato„
970 4002 1013 4047 ex
1029 4005 1100 4069 quo
1116 3982 1171 4047 ad·

127 4071 209 4134 iecta
220 4069 394 4155 negatione
406 4065 528 4151 ubique
538 4065 574 4129 iu
589 4068 778 4130 narratione
791 4077 977 4131 occurreret
988 4067 1174 4155 perfectum

127 4154 307 4224 indicatiu'.
356 4152 442 4219 Rern
455 4160 568 4218 tamen
582 4151 802 4239 explicatione
820 4173 893 4221 non
906 4152 1174 4245 satnexplicuit.
