2618 4770
221 272 282 335 tso
466 256 469 264 '
642 318 644 323 .
683 266 816 335 suno.

224 422 393 491 henditur.
435 421 523 484 Vsus
547 429 658 485 autem
675 442 737 509 per
749 431 943 508 temporum
958 418 1086 487 saecula
1101 419 1190 488 hanc
1207 430 1263 489 no‘·
1292 433 1303 445 “

193 546 196 551 -
224 511 354 575 tionem
377 507 549 573 restrinxit
574 517 663 572 certo
688 508 892 573 conditione.
934 506 1020 571 Nam
1045 510 1136 594 quod
1160 532 1269 596 gram,

222 595 339 661 rustici
369 593 506 681 plurimi
541 591 744 670 docuerunt,
787 593 976 677 iterumque
1008 607 1118 680 nuper
1147 594 1260 661 noterit

214 679 404 749 ,frotscher
422 679 463 742 ad
479 677 639 757 Quinctil.
658 683 709 756 10,
730 677 763 759 5,
789 683 841 743 17.
864 679 952 743 adeo
969 701 1036 752 esse
1052 678 1102 744 cd
1116 679 1157 745 id
1172 703 1259 768 usquc

224 778 371 851 tempus,
386 763 440 827 αά1
455 763 554 826 ilium
566 785 668 850 nsque
688 763 811 845 locum,
826 774 958 828 tontum
980 764 1071 839 abest
1088 775 1124 829 ut
1138 766 1259 831 univer«

225 875 298 917 sam
322 849 475 914 dictionis
491 849 733 937 proprietatem
747 849 942 930 constituat,
954 860 1004 922 xut
1019 850 1126 915 modo
1141 851 1183 915 ad
1200 851 1259 917 ori.

248 938 338 1005 inam
361 934 568 1022 loquutioms
593 945 626 1000 et
643 935 685 1000 ad
702 935 969 1020 antiquissimum
982 956 1079 1000 usum
1096 936 1275 1023 pertinent...

224 961 441 1106 {nimquam
471 1020 573 1106 igitur
597 1019 824 1089 denominatio
850 1045 868 1086 a
890 1019 995 1091 rebus,
1010 1021 1048 1087 in
1070 1020 1150 1087 loco
1181 1032 1211 1087 et
1227 1023 1271 1088 'nt—¹

190 1124 193 1131 ‘
224 1117 380 1194 tempore
431 1104 523 1170 ositis
545 1106 721 1193 desumpta
737 1116 838 1187 esset,
868 1105 977 1170 Latini
992 1115 1070 1194 post
1084 1100 1264 1193 antiquiori

221 1202 294 1257 tem
323 1212 382 1257 ora
399 1129 478 1257 ¹doc
493 1190 695 1257 vocabulum
722 1214 794 1256 non
817 1191 911 1256 aliter
922 1190 1136 1280 'usurpabant
1152 1190 1285 1279 nisidi,⁵-‚

225 1214 381 1365 qmlllate
398 1292 508 1342 rerum
519 1276 700 1341 admodum
708 1287 804 1341 aucta
820 1278 999 1358 etintensa,
1013 1299 1122 1365 neque
1131 1298 1255 1364 usquam
1274 1280 1278 1325 1

137 1373 141 1379 '
225 1360 317 1429 tideo
332 1385 395 1451 pro
413 1362 461 1429 nd
475 1361 708 1449 idposuerunt
724 1363 764 1426 ad
782 1364 964 1427 terminum
978 1363 1141 1450 temporis
1149 1372 1190 1438 ‚et
1202 1361 1256 1428 loci

223 1448 419 1537 simpliciter
433 1447 657 1515 indicandum.
698 1447 738 1512 At
764 1448 799 1512 ui
816 1447 977 1535 vocabula
992 1447 1072 1515 haec
1084 1447 1257 1521 ¹communi
1280 1518 1284 1523 ,

224 1532 323 1600 huius
350 1534 513 1621 temporis
538 1555 601 1596 usu
622 1535 667 1598 ita
696 1534 728 1598 di
755 1543 868 1609 erunt,
894 1543 933 1596 ut
952 1531 1001 1597 nd
1018 1532 1058 1597 id
1077 1534 1258 1614 terminum,
1283 1550 1294 1595 .·

201 1683 204 1689 ,
225 1642 400 1708 quousque
423 1620 547 1705 aliquid
586 1619 765 1697 ervenerit,
793 1629 849 1682 aut
865 1618 1069 1708 productum
1083 1619 1145 1700 sit,
1166 1628 1260 1700 notet,

226 1705 315 1773 sclao
335 1717 445 1773 autem
467 1643 585 1769 simulp
587 1703 812 1792 amplitudinis
835 1713 868 1769 et
882 1703 1053 1769 distantiae
1067 1727 1122 1768 ma
1145 1704 1262 1770 nitudi·
1293 1730 1298 1745 ·

224 1792 315 1858 nisve
331 1792 545 1857 accrescentis
565 1791 741 1855 notionem
763 1789 947 1863 admixtam
965 1789 1096 1854 habeat.
1124 1728 1180 1855 gld
1199 1812 1265 1855 non

221 1879 372 1959 ratione,
395 1875 452 1940 sed
477 1874 714 1939 consuetudine
736 1872 863 1955 facturn
886 1883 954 1956 est,
984 1897 1091 1962 neque
1113 1896 1194 1939 vero
1212 1874 1265 1940 ab·
1300 1946 1303 1961 Ι

124 2044 126 2048 ¹
221 1961 342 2027 horret
375 1986 393 2027 a
419 1959 588 2048 primitiva
618 1959 681 2022 ista
705 1959 732 2022 si
754 1958 954 2026 nificatione.
996 1959 1067 2027 Nos
1092 1960 1267 2026 vernacula
1299 1982 1303 2019 ε

97 2056 108 2072 ”
221 2046 336 2135 lingua
351 2047 552 2132 distinguere
569 2043 715 2109 solemus
728 1983 891 2112 formulas
906 2045 996 2133 gravi
1013 2055 1150 2110 accentu
1165 2046 1219 2112 vel
1234 2046 1267 2110 in
1301 2058 1303 2077 ¹

221 2133 336 2221 primo
352 2131 469 2212 verbo,
491 2128 541 2194 tis
560 2128 687 2206 dultin,
706 2130 758 2195 vel
771 2131 807 2195 in
822 2131 968 2196 secundo
986 2129 1036 2208 bis
1053 2130 1163 2198 dultin
1175 2132 1268 2221 posi-

222 2228 272 2300 to,
321 2218 387 2281 uod
407 2226 456 2299 est
471 2215 572 2283 odeo.
615 2214 668 2279 Cf.
684 2238 759 2280 voc.
774 2233 903 2283 ADch.
1170 2278 1174 2289 ‚

298 2241 419 2366 (lestus
438 2301 538 2366 haec:
579 2299 692 2366 adeo
722 2301 809 2365 duas
838 2299 941 2366 hebet
971 2299 1270 2402 significationes..-

216 2391 553 2476 -uumqunmprimn
574 2398 679 2451 acute
698 2384 845 2487 effertur,
871 2386 965 2451 idem
979 2385 1160 2476 significat
1180 2387 1270 2478 quod
1296 2426 1302 2445 ι

222 2472 403 2543 accedo.-
440 2483 478 2537 ut
519 2495 620 2562 quom
658 2471 822 2538 dicimus.-
849 2471 959 2538 odeo
985 2486 1269 2560 praetorem:

220 2580 322 2644 qunm
350 2570 464 2623 autem
491 2558 660 2634 secunde,
703 2558 742 2624 id
765 2570 816 2622 eat
835 2556 925 2656 quod
944 2564 1164 2649 usque'eo:
1201 2583 1270 2626 non

111 2698 115 2711 ‚
220 2641 359 2731 quidem
379 2643 563 2711 secundum
578 2643 767 2724 rationem,
817 2666 878 2706 rue
899 2642 956 2706 od
973 2645 1190 2731 praepositio
1208 2669 1268 2710 ac-

220 2730 382 2793 cusativis
397 2727 657 2794 accommodata
674 2741 733 2804 est,
747 2667 948 2793 sedeetetstu
957 2728 1111 2818 piandum
1124 2729 1267 2817 loqueu-

221 2811 261 2877 di
275 2813 529 2880 consuetudine.
570 2815 614 2878 At
632 2837 703 2880 non
729 2815 819 2879 deest
840 2814 947 2878 ratior
981 2837 1060 2879 nam
1084 2813 1134 2880 nd
1153 2816 1190 2880 in
1208 2815 1267 2880 hac

220 2901 477 2987 compositione,
509 2901 605 2964 sicuti
626 2901 661 2964 in
685 2901 792 2966 verbis
812 2899 942 2974 adhuc,
965 2898 1096 2988 qztond,
1120 2901 1268 2966 adverbii

219 2995 374 3049 naturam
396 2997 505 3067 tenet,
535 3008 618 3073 quac
634 2986 1053 3083 ipsainpraepositionem
1069 2986 1207 3062 transit,
1237 2998 1268 3052 et

219 3070 410 3134 directionis
430 3072 482 3136 vel
506 3071 764 3136 continuationis
786 3081 961 3135 notionem
984 3072 1152 3160 exprimit.
1196 3073 1268 3138 Ne-

220 3177 284 3247 que
302 3157 402 3242 igitur
418 3180 502 3253 opus
522 3168 581 3236 est,
605 3166 644 3220 ut
659 3155 699 3219 ad
721 3156 843 3220 Sanctii
861 3157 1001 3244 argutias
1020 3156 1266 3246 confugiamus,

216 3240 338 3326 quibus
361 3241 416 3314 ille
440 3265 474 3305 m
498 3243 648 3329 Minerva
674 3247 713 3320 3,
742 3244 792 3304 14.
826 3244 1045 3307 accusativum
1070 3243 1265 3308 obsoletum

219 3347 283 3414 quo
311 3348 379 3390 esse
412 3329 602 3392 contendite
645 3348 743 3414 quam
771 3348 849 3390 unm
878 3328 1016 3391 Vossius
1047 3328 1087 3392 de
1112 3329 1209 3393 Anal.
1234 3331 1265 3409 4,

152 3457 155 3467 .
217 3432 254 3497 p.
276 3414 347 3474 198.
366 3421 398 3475 et
413 3412 552 3477 Vrsinus
569 3414 602 3476 in
618 3412 726 3476 lnstit.
748 3349 791 3476 y(l'.
809 3418 838 3476 1.
854 3436 888 3500 p.
899 3416 972 3476 394.
990 3424 1022 3477 et
1038 3413 1080 3477 T.
1096 3420 1127 3478 2.
1142 3437 1179 3500 p.
1189 3415 1265 3480 436.

212 3496 366 3559 eamdem
383 3498 577 3563 sententiam
594 3498 907 3585 comprobaverunt.
945 3499 1101 3562 Accurate
1114 3523 1188 3564 rem
1205 3501 1266 3564 de·

215 3592 415 3646 monstravit
424 3584 616 3648 Perizonius
631 3606 666 3671 p.
677 3589 751 3647 701.
762 3593 795 3646 et
811 3586 885 3646 749.
906 3581 982 3646 edit.
998 3584 1115 3648 Bauer.
1161 3585 1265 3665 Quod

216 3666 257 3729 ad
274 3670 447 3731 accentum
463 3668 590 3749 attinet,
615 3669 682 3731 anti
708 3668 741 3731 ui
754 3667 861 3731 Latini
875 3676 907 3731 et
923 3668 979 3762 qui
997 3691 1114 3734 eorum
1128 3692 1263 3734 morem

215 3763 406 3832 servarunt,
433 3753 469 3815 in
489 3752 542 3816 his
560 3691 730 3818 vocabulis
757 3752 959 3838 compositis¹
976 3776 1091 3818 acuero
1112 3755 1265 3820 solebant

215 3835 361 3921 primum
377 3837 537 3924 syllabam
553 3848 732 3925 propterea
741 3885 750 3916 ,
773 3838 875 3922 quod,
898 3847 937 3900 ut
952 3838 1065 3903 docuit
1080 3840 1263 3923 Annianus,

215 3931 357 4012 utroque
369 3944 454 4009 pars
474 3923 511 3985 ira
522 3945 629 3986 unum
646 3945 759 3986 uocem
774 3923 965 3997 cecinisset.
988 3925 1146 3990 vidGell.
1160 3927 1263 4001 Noot.

214 4008 246 4082 7,
265 4008 296 4070 7.
319 4007 581 4072 Pronuntiabant
602 4008 704 4095 igitur
718 4006 912 4087 edversum,
933 4008 1140 4092 ddmodum3
1168 4009 1262 4101 siffis-

213 4091 292 4167 tim,
318 4091 417 4177 ddeo,
437 4094 547 4183 prima
563 4103 674 4176 acute,
701 4095 773 4158 non
794 4092 914 4160 media.
958 4088 996 4161 Id
1021 4106 1133 4162 autem
1147 4107 1262 4174 muta-
