2618 4770
223 315 289 382 356
708 303 787 378 ΛΝ.

306 456 359 528 11.
391 459 492 525 Anne
510 459 648 546 ponitur
663 479 727 546 pro
747 481 826 534 an,
841 461 893 524 eni
915 457 1071 525 adhaeret
1091 460 1201 526 vocula
1222 487 1251 530 ae

223 549 458 635 interrogativa
474 546 541 608 aive
558 545 753 624 dubitativa,
775 566 845 608 non
870 557 996 610 mutatu
1021 548 1093 633 ipsa
1115 547 1252 634 signifiea-

223 638 334 703 tione.
357 633 413 697 sed
432 631 488 695 ubi
504 629 703 695 intendenda
727 629 776 693 vel
795 632 940 696 acuenda
962 631 1093 696 videtur
1109 631 1154 697 rie
1169 634 1253 699 iuter-

223 744 264 789 ro
289 720 419 784 ationis.
464 715 502 779 ld
519 738 590 780 non
607 716 686 780 solie
705 716 814 801 poetis
831 717 1011 804 proprium
1023 727 1084 797 eat,
1106 728 1145 782 ut
1161 719 1253 784 existi·

221 832 276 874 ma
301 817 333 869 ut
355 802 543 872 Nolteniue.
567 825 601 889 p.
632 805 725 866 1381.
777 799 819 863 Er
853 824 926 867 non
956 812 1088 867 tantum
1112 803 1148 867 in
1167 805 1255 892 prima

221 903 314 983 parte
333 888 603 975 interrogationis
628 886 785 974 ponitur,
811 888 903 951 euius
930 889 1057 975 generis
1080 889 1185 955 multa
1205 891 1255 956 iarn

221 976 354 1047 anobis
372 973 468 1038 allata
491 981 569 1035 sunt
586 971 759 1059 exempla,
791 972 850 1036 sed
874 974 972 1038 etiam
987 975 1022 1038 in
1038 973 1191 1040 secunda.

245 1140 255 1157 „
334 1094 388 1145 Cic.
406 1092 439 1143 de
460 1093 519 1144 Fin.
539 1089 573 1156 4,
593 1090 625 1155 9,
644 1090 687 1144 23.
712 1090 780 1165 qaid
799 1096 872 1147 enim
890 1095 1024 1155 interest,
1042 1091 1177 1162 divitias,
1195 1112 1257 1165 opor,

289 1176 484 1235 valetudinem
498 1176 573 1229 bona
590 1175 677 1240 dieas,
697 1197 770 1231 anno
793 1181 968 1253 praeposita.
990 1177 1036 1229 ubi
1054 1180 1162 1232 Ernest.
1179 1180 1257 1244 „dele-

290 1268 341 1318 rim
359 1267 423 1323 ne,“
439 1261 536 1330 inquit,
555 1261 646 1329 „quod
664 1262 702 1313 sie
719 1262 781 1313 eddi
800 1263 830 1314 in
846 1262 931 1313 altere
946 1272 1023 1331 parte
1039 1279 1095 1315 non
1111 1264 1206 1318 ιοΙοῐ.ιι
1219 1266 1259 1317 Sed

219 1414 224 1425 Ι
288 1351 369 1402 need.
392 1346 495 1413 t,15,
514 1344 557 1396 48.
579 1355 611 1397 at
631 1363 687 1398 nen
712 1346 797 1400 modo
825 1363 882 1399 non
908 1347 1078 1400 internoscat
1104 1352 1186 1412 visa,
1207 1369 1259 1405 vm

290 1434 345 1490 illa
363 1438 436 1497 sint,
464 1450 537 1484 anne
556 1425 652 1500 falsa.
688 1435 762 1482 Orat.
786 1429 838 1495 61,
862 1429 925 1484 206.
952 1430 1156 1501 quaerendum,
1185 1445 1259 1488 utrum

289 1539 345 1573 una
360 1521 466 1590 speeies
485 1526 513 1570 at
533 1513 681 1587 longitudo
702 1518 740 1569 sit
759 1535 869 1577 earum,
897 1535 970 1569 anne
993 1500 1102 1587 plnres.
1135 1516 1165 1568 in
1179 1519 1226 1570 Pis.
1240 1519 1259 1582 1,

286 1603 313 1659 3.
345 1603 426 1657 Acad.
453 1603 487 1665 2,
514 1600 564 1663 29,
592 1599 635 1653 93.
662 1601 696 1651 ad
718 1605 774 1655 Att.
802 1600 853 1668 12,
873 1599 915 1652 15.
941 1601 994 1652 rid.
1015 1601 1145 1656 Schelleri
1165 1603 1259 1658 observ.

288 1711 315 1760 p.
334 1689 392 1741 197.
409 1709 435 1759 p.
453 1690 484 1738 L.
501 1689 571 1737 Man.
590 1685 640 1748 19,
660 1683 703 1736 57.
725 1704 779 1756 quo
800 1685 867 1740 milri
892 1689 977 1740 etiam
1001 1685 1146 1757 indignius
1164 1687 1260 1742 videtur

289 1773 474 1828 obtrectatum
492 1790 551 1826 esre
569 1769 660 1822 adhue
683 1769 808 1825 Gabinio
826 1770 936 1832 dicam,
961 1790 1034 1824 anne
1055 1773 1200 1844 Pompeio.
1225 1775 1261 1826 ubi

288 1861 341 1911 vid.
359 1858 495 1911 Matthiae.
529 1858 611 1907 Plaut.
629 1856 721 1925 Amph.
741 1855 827 1918 1,1‚
847 1855 888 1907 19.
908 1874 957 1909 nee
981 1874 1101 1928 aequom
1126 1879 1199 1913 anne
1219 1863 1261 1915 ini·

289 1963 372 2016 quom
391 1947 523 2012 imperet,
544 1939 689 2010 cogitabit.
725 1941 820 2008 virgil.
836 1942 869 1993 G.
885 1941 919 2005 2,
939 1939 998 1992 158.
1017 1930 1075 1994 aid.
1102 1944 1212 1998 Bentlei.
1234 1945 1261 1996 ed
1295 1962 1300 2015 1

288 2033 381 2083 Horat.
401 2030 485 2078 Germ.
506 2025 538 2088 1,
558 2024 609 2091 12,
625 2023 669 2076 35.
700 2026 800 2088 Erant,
819 2027 864 2094 qni
880 2026 1025 2094 particulae
1043 2046 1078 2082 ne
1097 2030 1152 2081 vim
1168 2030 1259 2095 tribue-
1295 2018 1300 2093 i

288 2127 349 2168 rent
368 2112 529 2180 negativam,
551 2110 624 2177 quasi
641 2129 713 2162 anne
729 2109 861 2161 diceretur
891 2126 941 2179 pro
967 2128 1071 2164 annon.
1108 2115 1260 2167 Hermaeum

225 2204 229 2214 ·
287 2203 315 2252 a.
333 2200 441 2267 uphem.
458 2196 530 2263 naps.
552 2194 628 2245 1819.
649 2214 675 2263 p,
693 2193 754 2247 976.
778 2183 850 2248 aaa.
866 2196 1027 2248 exanimant
1043 2200 1125 2267 pona,
1153 2200 1200 2252 aa
1216 2201 1258 2251 a·

287 2283 411 2335 bitationi
425 2280 539 2331 admixta
549 2288 618 2330 esset
628 2279 716 2347 aliqua
724 2280 911 2347 probabilitas:
932 2282 1003 2350 quod
1018 2298 1072 2333 non
1091 2295 1197 2336 constet
1212 2302 1257 2336 mu.

303 2406 356 2465 22.
394 2398 446 2463 Ex
471 2419 507 2461 ea
522 2395 668 2471 ratione,
700 2417 800 2482 quam
827 2399 992 2463 inversam
1016 2422 1086 2465 esse
1114 2401 1258 2481 diximus,

219 2483 431 2570 intelligitur,
466 2482 640 2631 ‹puomodo
672 2506 719 2545 on
751 2483 965 2548 coniunctum
992 2507 1068 2550 cum
1093 2491 1258 2575 negatione

219 2595 305 2651 non,
338 2570 429 2656 quod
456 2568 507 2632 aii
532 2566 683 2631 scribunt
706 2590 838 2646 annon,
873 2592 938 2653 pro
966 2594 1078 2636 nonne
1111 2585 1257 2660 ponatur.

208 2657 313 2723 'sicuti
336 2679 383 2720 nn
409 2677 471 2743 pro
496 2675 577 2716 unm
603 2653 793 2738 saepissime
816 2653 946 2718 dieitur.
992 2657 1058 2721 Sed
1081 2658 1118 2722 in
1140 2657 1193 2723 his
1212 2669 1258 2724 aut

219 2743 341 2807 omissa
366 2751 415 2805 est
440 2738 535 2826 prior
556 2760 632 2825 pars
655 2740 833 2803 sententiae
859 2739 1089 2816 disiunctivae‚
1128 2755 1185 2808 aut
1206 2745 1257 2810 alia

218 2827 443 2893 enuntiatione
466 2845 621 2910 expressa
647 2833 706 2886 est.
758 2826 943 2911 Vtrumque
977 2828 1178 2894 vocabulum
1198 2852 1256 2894 uno

218 2924 353 2978 accentu
370 2912 405 2974 in
422 2934 471 3006 err
485 2911 595 3006 posito
619 2909 822 2989 continetur,
856 2932 964 2997 neque
991 2912 1147 2978 adhaeret
1168 2940 1257 3066 nepp-

216 3001 264 3065 tio
289 2998 410 3075 verbe,
439 3018 502 3058 nisi
523 2993 580 3056 ubi
601 2993 741 3079 propria
764 2995 812 3058 vis
840 2997 1090 3081 oppositionem
1113 3001 1205 3068 inten
1235 3012 1255 3065 t.

215 3085 356 3151 Additur
370 3104 471 3160 vera,
494 3079 582 3142 utin
600 3077 753 3164 reliquis,
776 3080 816 3142 ad
833 3084 1017 3169 augendam
1033 3086 1113 3149 vim.

317 3205 425 3254 Terent.
442 3200 524 3252 Andr.
545 3198 578 3262 3,
597 3197 630 3262 5,
652 3195 694 3249 15.
715 3194 882 3271 quadretur
900 3206 976 3258 tim?
994 3224 1031 3258 an
1049 3223 1106 3257 non
1127 3205 1191 3261 dixi
1207 3221 1258 3260 este

281 3287 333 3341 troc
353 3282 510 3357 faturum?
538 3285 557 3337 i.
580 3303 603 3337 e.
631 3302 692 3334 num
719 3302 770 3352 quo
795 3285 879 3355 fretus
904 3288 969 3353 sim,
999 3307 1032 3340 an
1059 3309 1112 3341 nou
1137 3292 1192 3343 dixi
1214 3301 1258 3343 ete·
1284 3329 1288 3338 ·

278 3376 364 3427 Varro
386 3371 418 3422 de
433 3374 463 3421 L.
484 3371 515 3420 L.
531 3370 565 3431 4,
586 3365 728 3431 1,5.vid.
747 3388 773 3437 p.
793 3368 854 3423 335.
882 3373 936 3424 Cic.
953 3394 979 3442 p.
998 3362 1073 3427 Caee.
1092 3374 1135 3438 17,
1155 3375 1199 3428 50.
1217 3380 1258 3430 'oet

280 3460 354 3512 enim
381 3476 444 3509 vere
468 3472 616 3524 possumne
642 3453 732 3506 dicero
760 3472 819 3508 csse
843 3455 974 3514 deiectos.
1008 3463 1054 3512 An
1078 3478 1153 3524 non,
1181 3439 1279 3531 φημ’

280 3543 413 3597 voluntas
429 3554 456 3594 et
474 3539 665 3592 consiliumet
685 3542 824 3592 sententia
842 3543 983 3598 interdicti
1001 3543 1197 3617 intelligatur,
1215 3550 1258 3617 imf

278 3625 446 3699 prudentiam
465 3643 599 3678 tenentem
619 3639 669 3675 aut
686 3622 838 3678 stultitiam
857 3627 1026 3698 singularem
1042 3627 1217 3698 putabimus,
1233 3633 1258 3685 in

278 3711 425 3766 verborum
443 3729 532 3763 errore
553 3712 658 3761 versari
675 3708 729 3760 -2
751 3709 783 3760 de
800 3712 866 3779 Rep.
882 3711 915 3773 3,
933 3710 975 3764 25.
994 3713 1062 3782 apud
1078 3716 1257 3783 Augustiuum.

194 3801 215 3813 ''
275 3798 333 3848 Liv.
358 3797 392 3859 2,
420 3793 471 3860 38,
496 3795 523 3848 2.
555 3791 718 3846 hodiernam
742 3790 813 3847 trane
835 3796 1030 3850 contumeliam
1057 3816 1112 3868 quo
1150 3803 1257 3856 tandem

279 3882 373 3933 animo
386 3874 484 3949 fertis,
502 3898 555 3950 qua
575 3898 626 3948 per
643 3888 765 3928 nostram
780 3882 961 3950 ignominiam
979 3883 1060 3934 ludos
1081 3887 1259 3941 commisere?

277 3986 315 4019 an
336 3984 393 4017 non
410 3963 553 4024 sensistis,
574 3960 775 4023 triumphatum
797 3962 881 4017 bodie
898 3965 1028 4019 devotis
1046 3970 1127 4022 esre?
1147 3973 1220 4023 Curt.
1235 3972 1258 4037 7,

275 4050 308 4113 1,
327 4047 370 4100 29.
388 4048 411 4098 ir
430 4046 509 4119 apud
526 4057 554 4099 te
563 4043 637 4116 fait,
659 4050 736 4101 cuias
751 4052 874 4121 gratiam
887 4062 1014 4119 expetere
1030 4064 1059 4106 et
1074 4058 1146 4108 iram
1166 4059 1258 4111 timere

275 4150 429 4206 possemus.
464 4133 511 4186 An
531 4149 586 4186 non
606 4133 810 4205 propemodum
828 4138 859 4191 in
878 4147 928 4190 tua
942 4135 1026 4192 verba
1043 4143 1086 4195 tui
1103 4157 1211 4208 omnes,
1229 4155 1268 4209 ta¹
