2618 4770
222 337 286 405 ero
392 318 396 325 ’
627 303 823 398 'ernam

214 510 220 540 .·
244 534 247 539 .
289 507 326 548 ex
348 487 443 544 animo
467 482 576 541 excelso
602 483 808 557 magnificoque
828 487 1004 558 quaerimus,
1032 486 1124 539 enimi
1142 479 1267 559 (ἡδεῖαν,

288 594 345 632 nors
364 575 489 646 corporis
505 569 621 627 viribus.
657 564 851 647 Erercerrdrrm
868 581 962 624 tamen
979 586 1080 642 corpur
1099 582 1129 623 et
1151 576 1194 626 ita
1210 567 1267 646 effi·

217 692 221 697 ·
247 718 254 731 ,
290 661 418 718 cicadam
439 668 500 724 est,
518 667 551 709 ert
576 652 688 709 obedire
702 646 831 710 'coasilio
847 656 1006 725 rationique
1028 660 1124 727 possit
1152 660 1184 712 a'n
1203 676 1266 712 erra

291 745 408 822 quamdis
421 742 542 814 negotiis
558 751 587 795 et
604 743 634 794 iu
652 738 750 794 labore
763 739 921 797 tolerando.
951 742 1109 795 Honestam
1123 741 1266 806 autemid,

292 830 370 907 qaod
390 829 574 901 exquirimus,
600 834 693 878 totam
710 835 753 880 est
771 828 897 895 positum
919 827 949 879 in
971 830 1062 881 animi
1085 846 1154 879 cara
1179 839 1208 880 et
1230 845 1265 880 co·

289 918 437 994 gitatioue.

307 1026 359 1088 10.
397 1011 603 1100 Parenthesig
649 1031 730 1076 uum
759 1013 1069 1099 ‚saerecaatiaeau
1109 1013 1203 1113 quod
1223 1014 1264 1094 iis,

223 1129 305 1197 quae
326 1033 823 1181 anteffiuntffiffidm
845 1108 1012 1185 ponatur,
1031 1108 1183 1168 nectitur
1203 1100 1263 1188 ipsa

215 1195 320 1260 'etiam
335 1211 395 1279 per
412 1196 544 1264 aretem,
567 1182 600 1248 id
626 1204 667 1248 ue
682 1180 753 1248 ficri
769 1181 851 1247 adeo
870 1193 981 1273 potest
1003 1186 1092 1249 intra
1118 1205 1175 1250 eas
1198 1209 1264 1250 sen·

215 1278 357 1358 laetias,
405 1293 463 1338 uae
479 1270 576 1335 aliam
592 1291 621 1355 οΙ
653 1289 800 1333 caussam
816 1267 851 1332 in
867 1291 902 1334 se
915 1267 1036 1335 habent
1055 1269 1145 1334 hanc
1167 1272 1264 1359 parti·

218 1362 344 1429 culam.
379 1297 422 1423 ht
437 1378 540 1455 quum
556 1355 618 1420 hac
631 1353 760 1419 ratione
775 1354 981 1452 parenthesis
996 1356 1196 1442 particulam
1211 1357 1262 1422 sibi

220 1448 396 1539 propriam
426 1441 585 1522 vindicet,
632 1440 713 1505 haec
747 1442 846 1504 e'tram
880 1440 1099 1505 distinctionis
1140 1441 1262 1530 quidem

214 1544 332 1601 'caussa
354 1529 400 1596 ibi
420 1528 568 1607 additur,
589 1525 648 1590 ubi
674 1547 743 1590 non
763 1525 942 1591 cohaerent
963 1526 1127 1591 membra.
1173 1529 1262 1592 Deni-

216 1628 287 1711 ‘que
309 1639 389 1684 vero
413 1613 494 1678 haec
521 1611 706 1683 observatio
732 1611 928 1679 omnia‘alia
952 1612 1193 1679 sententiarum
1216 1634 1262 1705 gc-

217 1726 320 1788 nera,
341 1723 423 1790 quae
446 1699 637 1765 continuam
656 1697 887 1786 cogitationem
905 1697 1015 1786 aliquo
1037 1697 1144 1762 modo
1171 1700 1262 1764 iater-

214 1797 402 1878 rumpunt,
435 1806 511 1850 com
537 1783 687 1848 lectitas:
725 1783 975 1871 qualiacumque
1005 1783 1096 1851 eninr
1119 1785 1262 1872 interpo-

216 1879 283 1943 ‘sita
301 1886 416 1940 autem
430 1807 623 1960 simpiiciter
638 1869 852 1934 disterminat.
878 1869 943 1934 Sed
960 1869 1082 1936 falsum
1100 1881 1162 1953 est,
1173 1869 1259 1958 'qaod

220 1960 424 2029 Goerenzius
451 1957 492 2021 ad
517 1956 585 2020 Cic.
608 1953 706 2021 Acad.
728 1959 768 2028 2,
788 1956 843 2019 41.
870 1976 904 2041 p.
930 1961 1005 2021 229.
1026 1953 1152 2037 tradit,
1182 1956 1262 2044 quasi

220 2057 355 2129 carens,
377 2042 468 2131 quod
481 2042 517 2107 in
534 2041 637 2106 aliena
652 2039 812 2105 sententia
850 2043 1008 2118 raecedit,
1023 2044 1133 2128 ipsam
1149 2063 1260 2129 paren-

220 2135 331 2200 thesin
353 2139 456 2218 regat.
499 2129 589 2193 Haec
610 2125 699 2191 enim
719 2147 800 2195 ¹cum
820 2062 879 2192 iilo
906 2148 976 2192 non
1003 2125 1175 2194 cohaeret.
1215 2128 1261 2191 Sia

220 2223 319 2288 etiam
338 2213 454 2284 Graeci
469 2214 502 2278 st
519 2221 691 2300 usurpant.

245 2326 248 2333 ¹
333 2340 386 2391 cio.
405 2338 440 2390 de
456 2334 515 2390 Fin.
533 2331 567 2397 8,
586 2331 620 2398 7,
638 2328 682 2382 24.
701 2347 773 2402 quac
789 2337 881 2383 autem
906 2326 957 2383 uos
980 2340 1012 2384 ut
1029 2343 1107 2387 recta
1126 2343 1179 2388 ant
1199 2343 1261 2388 reate

282 2419 370 2496 facte
389 2419 530 2479 dicamus,
556 2419 582 2469 si
599 2412 711 2487 placet,
736 2410 799 2479 (illi
823 2423 915 2468 autem
941 2415 1094 2486 appeliant
1120 2413 1260 2487 aesopici·

286 2511 376 2576 ματα)
395 2517 490 2556 omnes
508 2516 635 2554 manseros
651 2500 763 2554 uirtutis
781 2501 932 2554 contineret.
950 2501 994 2554 ubi
1013 2503 1067 2556 rid.
1086 2502 1218 2557 Goerenz.

214 2676 218 2681 ,
330 2608 388 2661 Liv.
414 2604 450 2670 6,
475 2603 508 2670 1,
534 2605 576 2656 10.
603 2606 632 2658 in
651 2604 750 2676 primis
769 2597 895 2673 foedera
916 2614 944 2658 et
963 2602 1039 2676 legat
1056 2607 1105 2674 (er
1125 2619 1157 2662 ut
1176 2618 1262 2662 autem

132 2722 136 2729 ·
286 2713 336 2750 eac
362 2681 516 2745 duodecim·
537 2686 651 2743 tadulas
675 2701 704 2742 et
729 2686 866 2761 quaedam
889 2689 982 2761 regiae
1011 2691 1109 2764 leges)
1137 2694 1261 2766 conquiri,

286 2796 356 2852 quae
375 2785 582 2847 comparerent,
599 2777 744 2829 iusserant.
778 2773 797 2825 7
805 2812 813 2840 ,
833 2772 885 2840 41,
902 2773 928 2826 8.
947 2774 992 2827 ubi
1012 2779 1048 2828 cf.
1066 2779 1262 2833 Drakenborch.

286 2863 339 2929 28,
357 2860 409 2927 24,
425 2861 452 2912 4.
471 2861 521 2926 21,
541 2851 685 2926 5,10.ex
706 2859 810 2928 egregia
830 2860 1013 2914 emendatione
1031 2862 1173 2916 Gronovii.

322 2965 427 3017 Curtius
444 2962 471 3029 4,
489 2963 559 3039 6,.2.
580 2963 696 3019 Bessum
715 2980 822 3036 quoque
833 2964 1043 3019 Bactrianorum
1062 2965 1171 3035 ducem,
1187 2984 1263 3040 quam

283 3053 406 3103 maximo
424 3059 522 3118 posset
534 3051 655 3104 exercitu
672 3059 781 3114 coacto,
800 3049 963 3106 descendere
978 3050 1017 3104 ed
1035 3070 1066 3105 se
1081 3049 1170 3106 iubet.
1197 3053 1262 3106 Sam

284 3144 379 3190 autem
398 3134 544 3191 Bactriani
558 3137 631 3188 inter
649 3132 716 3189 illes
732 3146 827 3206 gentes
846 3138 1052 3206 promptissimi
1069 3157 1124 3189 -r
1150 3154 1262 3207 semper·

282 3239 336 3294 que
354 3219 486 3295 iflarmis
503 3230 606 3272 errant.
642 3218 700 3274 Sed
714 3221 816 3275 Bessus
835 3218 964 3292 suspecta
983 3219 1108 3292 perfidia
1127 3233 1180 3277 etc.

300 3328 352 3389 11.
392 3321 543 3402 „Avuunt
573 3321 609 3386 in
633 3320 733 3386 rebus
763 3323 993 3388 enumerandis
1023 3324 1262 3390 continuationi

217 3406 381 3476 sermonis
399 3406 518 3488 servit,
541 3407 590 3471 uti
612 3413 724 3472 raro.“
766 3407 813 3474 lta
836 3408 1053 3474 schwartzius
1070 3410 1106 3474 in
1123 3411 1262 3476 Tursel-

121 3534 124 3538 ·
214 3495 305 3577 lino,
328 3511 470 3578 eumque
491 3491 626 3580 plurimi
650 3506 850 3580 sequuntur,
871 3505 1040 3582 tamquam
1067 3496 1182 3583 plures
1212 3519 1262 3560 res

214 3600 277 3670 per
291 3589 403 3645 aretem
418 3588 600 3666 separatae,
624 3577 664 3642 ad
685 3599 790 3644 unum
808 3590 919 3644 tamen
939 3591 1039 3668 genus
1062 3580 1262 3661 referantur,

215 3666 313 3730 sicuti
333 3661 372 3727 fit
397 3662 432 3726 in
456 3663 592 3750 graecis.
642 3663 775 3731 Rectius
801 3665 835 3730 id
847 3668 1012 3766 ,concepit
1035 3667 1199 3731 Matthiae
1224 3666 1261 3731 ad

215 3751 285 3817 Cic.
300 3773 335 3840 p.
354 3747 442 3813 Mur.
459 3754 518 3830 18,
540 3751 593 3812 29.
615 3751 811 3836 particulam
825 3772 980 3850 usurpari
1000 3753 1036 3816 in
1060 3775 1262 3818 enumeran-

210 3836 280 3912 do,
304 3854 408 3922 quum
423 3834 520 3919 plura
535 3833 601 3897 iam
619 3847 878 3901 commemorata
893 3849 969 3902 smt.
1019 3838 1105 3902 Nam
1130 3861 1262 3938 suppo·

213 3921 306 3988 nitur
328 3929 445 3984 autem
465 3931 557 3998 tum,
610 3939 689 3984 uum
712 3923 819 3988 oratio
848 3943 909 4009 per
932 3923 1081 4009 aequales
1107 3935 1262 3993 notiones

213 4006 403 4072 continuata
417 4005 557 4093 assurgit
570 3942 612 4070 ah
627 4005 679 4083 id,
703 4006 792 4094 quod
807 4007 894 4072 inter
913 4008 1036 4099 reliqua
1053 4010 1191 4090 eminet,
1210 4010 1264 4075 ant

214 4071 433 4180 magiffvalct,
452 4100 510 4155 aut
525 4101 652 4178 praeter
667 4092 728 4158 alia
745 4090 1021 4171 considerandum
1036 4105 1097 4159 cst.
1119 4096 1157 4160 ld
1171 4099 1263 4162 Goe-

209 4174 741 4263 renzius.,heae.ohserrarit,sed
762 4180 898 4247 nomiae
912 4181 1175 4270 exaggerationis
1192 4206 1261 4250 non
