2618 4770
122 320 185 384 502
257 370 260 374 .
501 320 674 403 stoan.¹
718 322 784 386 sc.

126 471 324 552 intercedat,
352 493 452 569 supra
471 475 657 562 expositum
675 486 734 541 cst.
776 474 940 560 Atqueid
961 497 1035 541 non
1058 475 1179 540 infrin-

127 560 216 645 gitur
230 557 449 647 praecedente
465 561 651 645 negatione.

241 695 296 748 Cic.
315 695 349 747 ed
365 697 436 757 Fam.
456 697 480 760 1,
502 697 526 748 1.
544 714 596 769 ego
614 700 690 751 omni
708 691 805 768 officio
824 718 857 751 ac
874 701 973 770 potius
990 697 1100 767 pietate
1118 715 1178 768 erga

138 844 144 855 Ι
197 787 342 845 tracteris
359 779 509 852 satisfacio
529 781 675 836 omnibus.-
691 782 758 836 milti
776 787 833 855 ipsi
850 801 1002 854 numquam
1022 777 1178 851 satisfacio.

171 918 175 925 ,
194 867 230 919 ad
248 872 303 924 Att.
320 869 351 932 8,
371 865 414 921 15.
434 869 459 920 si
476 867 543 938 quid
559 869 589 920 in
609 869 782 936 concacavi,
804 888 838 921 ac
853 871 952 938 potius
963 871 1105 941 *quoniam
1121 887 1177 937 pec·

197 955 267 1006 cavi.
290 954 308 1004 1.
322 973 345 1005 e.
364 952 422 1005 und
438 949 579 1007 vielmcisr.
622 952 720 1021 Sulpic.
743 953 777 1003 ad
797 954 851 1004 Cic.
869 954 902 1018 4,
923 953 958 1017 5,
977 953 1021 1006 12.
1041 955 1129 1006 etiam
1147 951 1178 1005 ab

196 1034 272 1091 hisce
289 1036 417 1109 turcius
432 1042 555 1093 animum
570 1058 603 1092 ac
617 1041 816 1109 cogitationem
833 1048 911 1091 taam
928 1055 1028 1101 avoca,
1049 1049 1134 1108 atque
1150 1059 1179 1091 ca

140 1192 143 1197 Ι
194 1124 292 1191 potius
309 1127 499 1188 conticiscere,
515 1142 585 1195 quae
603 1122 690 1195 digna
714 1133 762 1175 tua
779 1141 900 1194 persona
922 1132 996 1176 sunt.
1031 1123 1067 1175 de
1087 1124 1137 1174 off.
1156 1126 1178 1186 1,

192 1206 244 1285 20,
261 1205 303 1261 68.
340 1210 395 1262 cte.
409 1210 443 1263 de
463 1213 537 1267 Orat.
553 1210 587 1273 2,
606 1208 659 1275 18,
678 1206 721 1262 74.
742 1209 790 1279 qui
803 1225 952 1278 numquam
970 1212 1130 1263 sententias
1147 1209 1178 1262 de

185 1282 322 1346 'minibus
342 1293 463 1347 iudicum
481 1297 513 1348 vi
533 1293 654 1365 quadam
676 1297 812 1347 orationis
832 1294 1015 1356 extorsimus,
1033 1313 1070 1344 ac
1086 1297 1177 1362 potius

192 1375 319 1448 placatis
344 1389 438 1432 eorum
465 1382 566 1433 animis
592 1389 718 1440 tautum,
750 1389 883 1449 quantum
910 1380 966 1448 ipsi
989 1376 1175 1448 patiebantur,

196 1458 362 1532 accepimus.
391 1465 409 1515 1.
429 1484 453 1516 e.
479 1463 537 1516 und
562 1481 593 1515 so
623 1462 766 1519 oiclmebr.
801 1450 894 1515 Horat.
922 1467 975 1513 Sat.
1005 1463 1036 1527 1,
1064 1465 1095 1525 1,
1121 1465 1175 1515 109.

136 1556 139 1560 “
195 1534 411 1615 11111111011111111,
427 1566 460 1600 an
482 1567 535 1600 non
553 1560 625 1601 recte
640 1551 770 1601 scribatur
787 1549 814 1599 in
835 1549 889 1600 Cic.
909 1548 942 1599 de
959 1549 1024 1615 Leg.
1047 1549 1074 1614 1,
1093 1549 1118 1615 6,
1138 1551 1174 1601 18.

179 1646 252 1699 juon
270 1643 312 1686 est
327 1639 385 1700 ita,
408 1634 532 1710 Quinte.-
559 1654 593 1688 ac
609 1624 708 1707 potius'
724 1634 867 1706 ignoratio
888 1632 1017 1703 litigiosa
1035 1645 1080 1686 est
1098 1654 1172 1706 qaam

146 1705 163 1740 1
195 1720 323 1789 scicntia.
359 1723 436 1772 Certe
461 1739 494 1772 ac
520 1723 617 1791 potius
642 1738 696 1773 non
721 1720 792 1772 idem
817 1719 890 1772 valet
909 1718 981 1787 quod
1005 1719 1057 1772 sed
1074 1725 1171 1789 potius.

173 1802 300 1885 ⁴Lucret.
326 1805 359 1873 3,
387 1802 447 1859 962.
468 1802 553 1880 atqu'c
576 1808 663 1861 etiam
688 1807 802 1878 potius,
826 1805 852 1857 si
878 1821 1030 1877 numquam
1059 1806 1099 1858 sis
1122 1823 1170 1859 mo-

152 1894 156 1901 ’
194 1891 307 1947 riturus.
1035 1902 1037 1908 '

135 2060 140 2067 -
175 2070 182 2081 ..
210 1973 267 2077 101.Ι
294 2012 344 2077 Ac
362 2029 513 2091 QVIDEM.
544 2012 595 2077 De
609 2009 661 2075 his
676 2010 784 2076 verbis
808 2007 980 2076 Schiitzius
1005 2010 1167 2096 praecipit,

127 2110 164 2153 ea
188 2099 350 2182 componi
371 2100 434 2180 ita,
470 2110 507 2163 ut
531 2098 632 2163 altera
650 2119 720 2176 res,
743 2117 827 2182 quae
850 2094 1057 2174 adiunctus,
1080 2095 1168 2158 simul

126 2181 346 2265 concedatur,
364 2185 536 2270 redditque
550 2183 640 2248 huno
656 2203 789 2247 sensum
806 2146 983 2246 vernaouio
1002 2177 1167 2268 111111]νεί-

124 2256 204 2328 ticli.
248 2266 315 2332 Sed
338 2269 548 2357 exemplum,
580 2290 647 2419 ppo
664 2267 785 2346 utitur,
814 2266 975 2330 nonsatis
992 2267 1166 2353 aptumvi-

124 2345 221 2412 detur
237 2351 314 2417 huic
332 2354 552 2452 explicationi.
627 2376 681 2418 am
704 2355 739 2416 in
764 2351 869 2417 verbis
888 2351 956 2415 Cic.
973 2350 1014 2415 de
1030 2353 1124 2416 Orat.
1141 2359 1166 2431 1,

123 2432 162 2510 4,
186 2432 237 2499 14.
263 2460 305 2500 oc
323 2461 437 2524 premo
456 2438 593 2528 quitatem
613 2441 718 2504 totius
742 2436 880 2526 generis
905 2437 1048 2524 ignari,
1079 2438 1166 2501 sicuti

122 2517 157 2579 in
174 2518 244 2584 aliis
262 2525 419 2612 exemplis
435 2524 552 2589 transit
567 2527 674 2591 oratio
701 2523 741 2587 ad
760 2545 832 2587 rem
850 2522 1072 2608 persingulas
1096 2545 1166 2610 pan

122 2611 173 2664 tes
198 2611 380 2675 accuratius
407 2611 638 2676 definiendam.
688 2610 795 2695 Atque
818 2608 899 2672 haec
924 2618 991 2688 est,
1014 2619 1051 2671 ut
1075 2631 1166 2694 supra

123 2687 210 2771 dixi,
231 2697 372 2783 propria
388 2697 567 2784 particulae
584 2698 680 2763 visin
697 2693 928 2760 constituenda
947 2696 1164 2781 expositione,

124 2793 224 2858 quam
238 2779 355 2846 reddas
369 2804 432 2870 per
448 2783 500 2847 ito
509 2831 519 2865 ,
539 2782 613 2854 und
627 2805 676 2847 so.
759 2809 760 2812 ¹

226 2916 281 2969 Cic.
306 2919 338 2971 de
363 2923 437 2971 Orat.
463 2918 499 2986 3,
522 2917 573 2985 48,
598 2917 658 2971 186.
694 2916 787 2992 Quare
811 2926 862 2971 aut
881 2918 965 2987 paria
991 2933 1051 2970 csse
1077 2915 1168 2969 debent

190 3003 348 3068 posteriora
368 3003 709 3075 superioribus,sextrama
726 3004 839 3073 primis,
864 3011 914 3052 aut
933 2998 1009 3071 quod
1031 3003 1116 3053 ctiam
1133 3010 1169 3053 cst

187 3084 334 3141 melioret
352 3089 508 3153 iucundius,
529 3088 667 3159 longiora.
686 3085 780 3158 Atque
795 3083 862 3139 haec
878 3086 989 3159 quidem
1008 3084 1044 3138 ab
1063 3088 1098 3139 iis
1114 3084 1169 3157 pti·

190 3166 331 3241 tosophts,
359 3193 428 3246 quos
455 3186 484 3227 tu
510 3174 630 3235 manime
655 3169 768 3243 diligis,
803 3169 921 3232 Catule,
942 3170 1019 3224 dicta
1038 3182 1112 3224 sunt.
1144 3169 1168 3232 3,

82 3256 86 3267 ’
187 3253 240 3318 29,
269 3256 329 3309 117.
356 3258 390 3325 3,
416 3259 467 3322 10,
491 3258 535 3312 38.
560 3258 593 3310 de
617 3260 718 3309 invent.
742 3255 827 3320 1,1,
849 3256 873 3307 1.
902 3256 994 3326 Saepe
1010 3256 1170 3321 etmultam

186 3335 241 3392 boc
260 3360 365 3395 mecam
383 3347 522 3414 cogitavi,
540 3343 640 3396 boniac
657 3360 693 3394 an
720 3340 789 3393 mali
812 3340 879 3410 pias
907 3339 1036 3405 attulerit
1059 3343 1170 3396 hortini-

133 3454 136 3460 ‹
188 3420 240 3476 irus
257 3435 285 3478 et
304 3427 464 3480 civitatibus
477 3428 565 3501 'copia
584 3425 696 3481 dicendi
714 3446 749 3479 ac
765 3444 899 3479 summum
925 3424 1103 3498 eloquentiae
1119 3437 1170 3480 sta·

118 3564 122 3583 ,
186 3506 274 3564 dium.
295 3538 329 3551 -
355 3512 397 3564 Ac
421 3531 463 3565 mc
489 3510 600 3582 quidem
626 3514 794 3581 cogitantem
812 3514 886 3564 ratio
904 3511 968 3582 ipsa
987 3513 1017 3564 in
1034 3510 1107 3564 itanc
1124 3527 1171 3582 po·

87 3639 92 3646 .
133 3586 139 3597 '
187 3595 328 3648 tissimum
344 3599 512 3650 sententiam
530 3596 615 3650 ducit.
652 3598 742 3651 Celsus
761 3597 795 3665 7,
817 3591 858 3648 14.

200 3709 239 3774 In
263 3713 332 3780 aliis
359 3714 507 3803 sequitur
532 3717 720 3804 oppositiva
745 3716 905 3804 particula
934 3715 1012 3788 sed,
1046 3729 1170 3792 aritcm.

119 3793 209 3859 Tum
240 3820 311 3864 non
340 3803 520 3867 cohaerent
542 3825 584 3867 ac
606 3801 753 3888 quidem.
809 3801 894 3866 Cels.
921 3805 962 3883 8,
987 3807 1040 3864 11.
1062 3826 1107 3866 uc
1131 3801 1171 3864 cic

115 3875 241 3961 fractis
258 3885 395 3972 quidem
417 3887 545 3952 ossibus
563 3888 727 3973 ¹Istactenus
748 3885 877 3952 dictam
893 3887 949 3951 sit.
994 3885 1171 3955 Moventur

1 4043 3 4046 .
119 3977 292 4060 autem‘ca
311 3984 373 4037 ete.
406 3975 479 4039 vide
497 3999 531 4062 p.
548 3975 622 4040 494.
665 3973 706 4037 In
721 3972 790 4037 aliis
805 3973 941 4061 quidem
957 3969 1172 4037 affirmationi

1 4107 4 4116 ,
61 4136 63 4141 ,
117 4055 271 4147 inservit,
295 4058 476 4146 adquam,
497 4071 668 4147 tamquam
691 4057 826 4131 adrem
852 4061 887 4124 in
914 4078 1029 4124 rerum
1053 4078 1173 4124 consc-

119 4145 281 4218 quutsonc
303 4143 520 4233 deprensam,
546 4169 588 4211 ac
606 4144 768 4235 perducit.
