2618 4770
137 294 203 363 894
394 289 612 358 turture.
657 288 919 371 ANTEQVAM.
1114 360 1118 369 ,

204 448 248 505 10.
265 446 356 504 miuus
381 448 438 502 iam
452 442 603 517 furtificus
619 464 696 507 sam,
715 462 798 516 qnam
815 445 945 520 antebac.
981 445 1037 498 lllil.
1053 444 1079 509 4,
1094 447 1115 511 8,
1127 447 1155 503 bb

204 553 299 588 veram
317 552 400 603 qaum
413 532 548 595 antebac,
565 543 625 585 tam
641 531 726 584 bodie
743 548 882 587 maxume.
910 533 999 585 Tacit.
1015 536 1082 586 Anu.
1096 531 1156 597 bib

204 630 289 691 utque
305 619 424 672 antebac
434 615 580 689 flagitiis,
598 621 640 673 ita
653 623 724 673 aaut
741 614 851 688 legibus
869 614 1061 674 laborabatur.

134 805 150 869 7
193 719 264 871 lbt
287 720 622 811 absolutevponitur,
661 729 700 788 ut
723 731 848 797 antea,
889 741 955 809 pro
982 719 1081 798 olim,
1097 714 1157 807 sat-

145 827 265 874 cerua.
606 846 609 855 ·
1113 852 1115 857 -

237 923 581 995 Plaut.Amph.·1‚1,soa.
598 923 643 984 bic
661 923 773 997 quidam
793 940 902 976 omnem
919 915 1070 996 imaginem
1086 935 1158 989 meaa,

204 1030 274 1084 quae
291 1008 407 1065 antebac
419 1006 540 1080 fuerat,
565 1010 700 1080 possidat.
734 1009 840 1066 Sallust.
859 1010 916 1067 Cat,
931 1007 984 1079 25,
1002 1006 1030 1063 4.
1047 1026 1080 1062 ea
1098 1023 1158 1078 saepo

202 1093 321 1150 antebac
332 1094 424 1166 fidem
440 1095 613 1158 prodiderat.
647 1124 650 1130 ·

134 1280 157 1348 d
220 1199 306 1262 Cum
333 1204 519 1286 numquam
551 1198 618 1263 coit
653 1197 689 1264 in
722 1195 921 1278 formulam,
963 1194 1157 1285 quemadmo-

157 1305 215 1348 um
239 1297 331 1351 unte.
1103 1306 1108 1312 ·

238 1406 321 1456 Plaut.
340 1404 439 1479 Amph,
450 1403 483 1469 2,
505 1401 597 1468 1,1e.
623 1399 700 1473 qaod
714 1417 794 1454 namo
815 1421 946 1475 umquam
964 1402 1049 1482 bomo
1066 1401 1165 1458 cauta·

96 1541 102 1551 ,
166 1563 172 1571 ,
201 1489 285 1557 uidit.
319 1491 377 1542 Mil.
399 1489 432 1556 3,
456 1488 489 1554 2,
511 1488 554 1542 27.
581 1485 632 1543 ebo
663 1505 701 1545 au
722 1504 873 1560 numquam
897 1493 1019 1561 promsit
1042 1487 1158 1545 auubml

201 1575 309 1631 Terent.
326 1575 408 1629 Andr.
427 1570 463 1641 6,
485 1569 577 1644 4,14.
681 1632 683 1639 ,

215 1721 603 1902 abacorum.
664 1753 1095 1901 auratorum.
1156 1878 1159 1883 ,

216 1984 247 2043 1.
276 1977 490 2066 Comparatio
511 1978 673 2065 temporis
693 1974 919 2047 antecedentis¹
931 1988 964 2043 et
984 1975 1160 2065 posterioris
1198 2050 1200 2055 ¹

133 2064 331 2150 exprimitur
359 2063 555 2149 compositis
588 2064 757 2130 vocabulis.
788 2075 870 2132 cute
901 2086 1016 2152 prtum·
1073 2065 1162 2154 Atque

132 2161 213 2214 onte
229 2149 279 2212 vel
298 2149 554 2237 praepositionis
575 2149 625 2214 vel
651 2149 795 2219 adverbii
816 2160 1017 2243 potestatem
1041 2148 1161 2227 obtinet,

130 2244 168 2296 ut
183 2234 328 2299 diximus
345 2258 379 2322 p.
395 2239 470 2299 373.
515 2234 580 2299 Sed
595 2234 652 2299 ubi
668 2235 770 2306 altera
783 2258 835 2306 ses
850 2235 951 2304 verbo
971 2235 1162 2320 exprimitur,

131 2318 331 2404 copulantur
348 2318 526 2406 particulae
541 2336 761 2403 aureorum,
784 2342 852 2388 uno
871 2331 1007 2389 accentu
1023 2340 1163 2470 compre·

128 2402 269 2475 banasa,
293 2403 398 2491 fitque
413 2405 622 2486 coniunctio,
643 2408 733 2471 euius
748 2405 941 2495 significatio
956 2404 1042 2474 nibil
1058 2406 1089 2469 di
1113 2413 1162 2473 art.

47 2492 52 2513 “·
130 2489 249 2555 Graeci
265 2488 377 2554 dicunt
391 2492 462 2573 πρὶν
477 2488 508 2575 ἢ,
530 2493 686 2558 Germani
702 2493 781 2560 cher
795 2492 860 2571 aa,
881 2493 951 2564 elne,
971 2491 1038 2558 Sed
1070 2491 1162 2556 nando

129 2573 176 2637 vis
194 2575 380 2663 imponitur
396 2579 523 2651 maior,
554 2599 615 2643 suo
635 2588 771 2645 accentu
786 2583 965 2666 utrumque
980 2599 1062 2644 roca
1087 2577 1163 2640 ulum

129 2659 285 2742 effertur,
309 2663 407 2727 etiam
425 2663 453 2726 si
468 2664 627 2750 proximo
641 2663 717 2728 loeo
731 2687 766 2728 se
781 2664 955 2750 attingunt.
1000 2662 1039 2730 Id
1056 2661 1163 2752 impri2

64 2752 68 2760 ’
127 2744 192 2820 mis
210 2758 282 2813 tum
299 2746 355 2829 fit,
379 2769 483 2834 quum
500 2762 582 2817 ante
599 2771 676 2814 cum
691 2748 895 2816 substantivo
914 2748 1081 2817 cohaeset.
1117 2796 1120 2800 ι

231 2869 286 2921 Cic.
312 2869 384 2922 Lael.
407 2867 441 2933 3,
464 2867 507 2921 11.
534 2879 565 2922 ut
589 2873 703 2925 meuriui
732 2870 864 2937 Catonem
885 2887 959 2924 anuo
988 2881 1069 2932 aute,
1095 2885 1164 2941 quom

190 2964 337 3017 intortum,
356 2973 461 3007 mecum
477 2964 506 3009 et
525 2973 585 3006 cum
602 2957 733 3027 Scipione
751 2955 891 3009 disserere·
920 2958 1033 3025 ¹Sueton.
1052 2953 1163 3024 Vesp2.

195 3040 380 3108 quinquennio
398 3049 480 3104 ante,
499 3058 582 3112 quam
601 3041 746 3112 Acagustus
762 3040 912 3096 excederet.
944 3043 1030 3092 Etiam
1041 3041 1163 3096 Giallrut.

194 3121 228 3188 8,
245 3123 288 3177 72.
308 3123 353 3177 bic
369 3125 473 3179 Livius
495 3150 529 3170 ·.·
551 3141 625 3192 auae
643 3127 706 3195 ipso
732 3136 814 3192 anto,
839 3144 922 3198 quam
945 3136 1092 3180 natusest
1116 3123 1164 3181 En·

193 3209 267 3263 aius.
293 3225 347 3260 non
366 3221 524 3282 antequam.

229 3313 349 3366 Sanctius
375 3314 403 3364 in
426 3314 492 3368 Min.
510 3313 544 3377 4,
562 3309 587 3366 l.
606 3331 632 3382 p.
654 3311 714 3366 169.
740 3314 869 3384 originem
891 3312 965 3368 verbi
982 3315 1124 3382 quaerebat
1143 3312 1165 3363 in

194 3396 282 3467 ellipsi
299 3409 365 3452 ante
381 3417 437 3453 ram
458 3417 558 3471 quam,
583 3399 732 3452 Perizonius
756 3396 922 3468 intelligebat
949 3396 1057 3452 boram.
1093 3402 1165 3464 Quam

194 3484 340 3536 obsoletam
362 3483 509 3536 doctrinam
526 3502 601 3536 nemo
621 3503 691 3536 nunc
710 3494 793 3536 curat.

210 3591 242 3650 2.
273 3585 482 3674 Interpositis
505 3587 612 3652 verbis
630 3587 802 3674 quomodo
826 3583 971 3666 dicatur,
994 3587 1062 3652 iam
1078 3609 1166 3675 supra

125 3672 316 3755 expositum
341 3683 401 3738 est.
445 3672 514 3738 Nec
536 3673 719 3758 quidquam
743 3671 846 3737 refert
872 3694 1049 3736 numerare
1071 3675 1166 3738 inter·

124 3754 207 3819 iacta
221 3759 330 3823 verbu.
363 3758 427 3823 Sed
443 3758 478 3824 in
497 3756 663 3823 bonorum
682 3760 885 3844 scriptorum
901 3780 961 3820 usu
983 3759 1166 3823 adverbium

122 3844 290 3927 praecedit
311 3845 434 3926 verbo,
461 3843 525 3907 nisi
547 3842 608 3906 alia
630 3844 806 3909 intervenit
832 3865 964 3926 caussa,
978 3845 1092 3911 addito
1112 3846 1165 3910 alio

124 3947 273 3994 nomine.

229 4050 283 4104 Cic.
311 4052 345 4102 ad
368 4054 442 4103 Fam·
467 4051 501 4116 2,
524 4049 551 4104 2.
575 4052 600 4102 si
625 4051 651 4103 ei
678 4049 856 4120 contigisset,
878 4062 908 4103 at
929 4061 957 4103 te
974 4061 1041 4104 ante
1058 4052 1168 4114 videret,

194 4151 275 4204 qaam
296 4156 311 4190 a
330 4138 393 4191 vita
418 4134 582 4194 diseederet.
615 4135 673 4191 Liv.
690 4134 742 4200 89,
760 4137 809 4199 10,
825 4135 850 4188 9.
865 4148 964 4208 ,Μαι
983 4149 1048 4194 aute
1067 4138 1169 4194 dimisit
