2618 4770
143 352 185 411 72
451 340 639 411 ABVNDE.
683 342 899 426 ABVSQVE.

119 643 144 697 f

151 501 288 564 Sueton.
314 499 407 564 Gaea.
426 503 480 565 86.
509 501 602 586 Virg.
616 484 698 564 Aen.
721 504 753 581 7,
770 503 844 566 652.
862 513 1033 567 terrorum
1053 515 1087 567 et
1092 499 1198 590 frau-

151 586 207 649 dis
216 584 351 649 abunde
359 596 419 648 est.
440 584 592 673 Denique
608 606 685 649 oum
702 585 845 650 adverbii
864 597 1030 675 potestate
1038 589 1202 676 praemit-

153 672 234 735 titur
249 671 415 735 adiectivis
438 682 471 736 et
491 670 663 736 adverbiis.
712 671 848 736 Sisenna
871 673 960 760 apud
982 674 1072 739 Non.
1097 673 1202 739 Man.

154 762 214 835 11,
231 762 285 821 61.
305 756 437 820 Sallust.
462 757 534 843 lug.
557 758 679 820 14.18.
702 755 837 822 abunde
852 781 988 846 magna
1000 758 1202 846 praesidia.

155 842 229 906 Cat.
246 847 306 921 21,
325 848 354 905 1.
378 838 437 907 ubi
459 843 553 907 Cort.
577 840 738 924 Quinctil.
756 841 837 907 lnst.
858 849 909 925 11,
935 851 964 926 1,
986 849 1041 910 36.
1067 844 1128 909 ubi
1148 842 1202 911 vd.

156 926 330 1076 Spalding.
354 924 453 991 ovid.
467 950 516 997 ,ex
530 928 567 992 Ρ.
583 928 623 1009 4,
644 933 685 1008 3,
707 932 761 993 37.
787 938 820 993 et
834 928 965 995 additur
981 930 1111 997 verbis:
1136 948 1202 1016 quo

153 1033 225 1076 uno
239 1034 298 1075 mo
324 1034 345 1076 o
355 1011 472 1077 Cicero
481 1012 583 1077 semel
601 1014 772 1100 usurpavit
785 1013 826 1077 de
840 1014 915 1080 Diu.
925 1021 958 1093 2,
969 1021 1041 1096 1,8.
1055 1015 1125 1084 erit
1139 1012 1202 1087 sb.-

154 1094 247 1161 unde
270 1093 490 1186 satiq‘actum
514 1098 579 1163 toti
596 1098 677 1177 lude
748 1099 907 1164 aestiani.
938 1098 1037 1166 ovid.
1052 1102 1136 1181 Met.
1151 1102 1202 1183 lb,

154 1184 232 1331 ¹258.
264 1182 450 1249 Columella
471 1184 578 1249 utitur
595 1180 689 1255 form
725 1184 828 1250 abae
850 1184 978 1252 dixisse
1000 1185 1138 1256 abunde
1152 1190 1202 1255 eiu

179 1272 262 1350 ‚19‚
289 1274 320 1336 1.
341 1279 375 1335 et
396 1271 437 1352 b,
459 1275 499 1353 8,
519 1274 553 1335 9.
1029 1286 1032 1291 ’

208 1396 212 1403 “
244 1385 309 1452 01)·
321 1386 608 1455 eonsuuotionem.
626 1387 774 1453 notanda
798 1400 876 1454 sunt
893 1389 1025 1455 Sallust.
1041 1388 1115 1481 Ing.
1132 1396 1202 1477 1021

158 1477 191 1537 7.
220 1472 310 1573 qaod
322 1484 488 1561 parentes
512 1472 648 1539 abunde
672 1469 852 1550 habenas,
891 1476 1084 1541 amieomm
1101 1500 1202 1567 neque

58 1582 67 1605 ν
157 1556 254 1623 nobas
282 1582 388 1647 neque
408 1560 567 1647 cuiquam
587 1560 739 1625 omnium
760 1561 859 1624 satis.
889 1559 1019 1648 Fragm.
1045 1562 1124 1629 Hiat.
1140 1566 1201 1642 22,

158 1649 214 1708 26.
245 1641 381 1710 abunde
405 1643 599 1726 libertatem
620 1644 703 1710 rati.
746 1643 862 1709 Vellei.
885 1646 953 1710 Pa.
977 1647 1023 1711 ita
1047 1647 1191 1735 loquutus

159 1741 228 1813 est,
256 1739 295 1821 ut
315 1729 451 1795 abunde
468 1733 625 1817 proxime
640 1729 811 1817 attingeret
825 1729 1100 1827 significationem
1114 1732 1202 1800 verbi

158 1817 266 1880 satis.-
291 1838 393 1905 quare
408 1816 585 1879 Boeclerus
602 1814 704 1880 etalii
729 1815 807 1902 (vid.
824 1816 919 1880 Mise.
935 1816 1022 1883 obs..
1034 1821 1067 1882 8.
1080 1840 1114 1905 p.
1132 1814 1202 1891 76?

157 1924 224 1988 pro
253 1900 327 1985 ipso
359 1901 426 1965 hoe
448 1901 597 1986 positum
628 1900 710 1964 illud
735 1923 813 1966 esee
845 1900 1097 1969 arbitrabantur.
1138 1866 1202 1967 tal

160 1986 318 2051 omnibus
340 1986 393 2048 his
416 1985 499 2048 locis
519 1986 783 2051 communissest
807 1987 1005 2073 negationis.
1020 1998 1077 2053 aut
1084 2022 1095 2070 ,·
1122 2008 1202 2075 quae

159 2073 202 2137 ad
220 2072 310 2134 idom
327 2090 430 2169 genus
447 2073 614 2167 pertinet,
634 2072 901 2157 interrogationis
917 2071 1041 2138 forma.
1058 2079 1090 2155 2,
1107 2079 1155 2157 17,
1167 2078 1202 2139 1.

159 2156 280 2239 Sulla,
302 2178 370 2232 uir,
395 2177 453 2243 qur
475 2178 581 2246 neque
603 2155 653 2221 ad
666 2151 779 2242 finem
794 2158 957 2222 uictoriae
976 2160 1064 2223 satis
1076 2158 1202 2223 larido-

161 2244 215 2324 ri,
243 2264 349 2331 neque
361 2241 443 2340 pust
466 2241 647 2340 uictoriam
667 2238 801 2306 abunde
825 2242 1013 2391 rittrqrerari
1022 2256 1149 2330 potest.
1166 2248 1202 2321 ἰ,

73 2318 86 2345 “’
161 2334 245 2417 103,
274 2332 307 2391 4.
340 2350 395 2392 rex
422 2350 461 2390 m
481 2328 541 2393 allo
561 2329 653 2398 ,iusto
670 2348 777 2426 'opere
791 2324 870 2392 abur
908 2350 1015 2428 epers
1079 2330 1202 2427 ipatu-

160 2414 280 2478 rimus.
305 2417 345 2492 2,
371 2416 454 2493 116,
481 2421 514 2476 4.
540 2436 638 2501 quem
664 2434 771 2476 mrum
800 2436 843 2477 ne
863 2426 1012 2500 quiante
1040 2414 1111 2479 exit
1130 2436 1202 2515 quu-

162 2497 243 2562 dem
252 2546 261 2575 ,
287 2494 422 2562 abunde
437 2499 583 2562 miratus
598 2511 666 2574 est,
689 2521 731 2562 ne
750 2498 838 2562 nibil
856 2520 925 2563 nen
940 2501 1071 2583 optimo
1086 2501 1149 2565 eiua
1160 2528 1202 2549 ···

157 2585 318 2669 perisset.
351 2586 389 2661 1,
413 2586 481 2665 16,
495 2589 527 2649 2.
557 2586 631 2671 quis
656 2584 748 2646 enim
771 2580 906 2648 abunde
932 2584 1060 2650 mirari
1074 2576 1202 2671 potati

164 2667 267 2746 Quod
292 2667 381 2732 enim
414 2687 486 2734 non
517 2668 644 2736 abunde
676 2665 728 2752 fit,
760 2678 872 2757 potest
900 2668 1001 2733 etiam
1029 2692 1103 2736 non
1132 2668 1202 2736 aab!

162 2775 243 2818 8588·
329 2778 332 2783 '

535 3012 840 3146 Aevsovn.

171 3194 174 3205 ⁵
250 3202 456 3300 Praepositio
468 3226 513 3277 AB
530 3210 742 3298 coniungitur
753 3211 798 3273 ita
814 3228 891 3273 cum
905 3187 1069 3273 vocabulo
1082 3212 1202 3283 stvE

168 3307 206 3361 ut
218 3306 472 3384 utrumqueuno
481 3307 617 3361 accentu
633 3294 944 3445 comprehendatur,
958 3304 1086 3358 servata
1099 3302 1202 3356 tumel

168 3384 231 3447 ista
245 3405 324 3470 prae
350 3381 502 3446 ositionis
523 3381 557 3451 ,vi
579 3393 612 3446 et
626 3383 708 3470 signi
735 3382 882 3461 catione,
904 3379 945 3442 de
962 3387 1025 3465 qua
1040 3401 1077 3466 p.
1091 3382 1142 3443 te.
1157 3372 1202 3437 di·

168 3468 293 3532 ximus.
322 3406 431 3555 ltque
445 3467 481 3531 id
496 3488 559 3530 usu
571 3466 699 3533 fautum
713 3467 853 3546 videtur,
869 3486 940 3528 non
953 3467 1095 3529 ratione.
1119 3461 1202 3541 Qua:

168 3576 207 3618 re
226 3554 448 3640 grammaticis
469 3551 628 3617 dubitatio
647 3552 766 3617 iniecta
781 3561 829 3615 est
846 3550 886 3613 de
902 3571 1020 3647 genere
1035 3560 1069 3615 et
1083 3548 1202 3614 forme·

169 3639 264 3702 tione
290 3638 389 3702 huius
411 3637 576 3704 vocabuli.
618 3640 767 3704 Donatus
796 3637 832 3699 in
853 3635 941 3699 Edu.
965 3657 1035 3707 sec.
1057 3657 1094 3734 p.
1121 3632 1202 3698 tutu

166 3724 383 3809 praepositio
423 3725 616 3822 separatim
653 3720 824 3788 adverbiis
865 3745 933 3786 non
971 3716 1202 3818 applicabitur·

171 3808 324 3894 quamuis
349 3807 552 3899 legerimus,
581 3810 818 3884 desursum,
841 3803 1061 3882 desubito,
1094 3803 1202 3869 dere·

168 3906 314 3978 pente,
344 3906 377 3959 et
405 3894 574 3971 exinde,
604 3907 637 3960 et
663 3892 856 3981 abusque
889 3904 922 3957 et
951 3890 1137 3971 dehine.-
1156 3902 1202 3953 set

172 3979 258 4042 leaeo
274 3990 449 4068 tamquam
470 4004 577 4046 unam
621 3993 731 4047 artem
744 3979 911 4044 orationis
926 3975 986 4042 sub
1006 3999 1074 4040 uno
1094 3994 1202 4057 acuet·

171 4074 213 4126 tu
227 4065 538 4149 pronuntiabimus.
581 4068 626 4131 let
647 4065 776 4147 Servius
799 4065 840 4129 ad
859 4062 976 4151 Virgil.
994 4064 1077 4127 Aen.
1093 4065 1126 4144 7,
1142 4060 1202 4125 2811

174 4145 366 4236 abusque
386 4163 419 4221 et
440 4142 638 4242 addeque
658 4151 854 4239 usurpative
872 4149 1037 4217 dicimus.-
1061 4166 1202 4236 praepo
