2618 4770
499 312 666 402 stum

25 524 29 529 -
60 479 106 544 At
122 468 327 544 arctioribus
349 475 511 543 ‘cancellis
531 473 624 540 hunc
651 494 750 540 usum
779 475 975 560 terminare,
1005 487 1039 543 et
1068 479 1110 546 ad

10 572 26 647 ς’
61 563 170 631 solam
199 563 469 648 interrogationis
501 560 648 629 formam
673 559 830 626 reducere
857 563 1029 630 debebant.
1069 564 1115 644 Iu¹
1192 583 1193 586 ’

61 649 323 736 interrogatione
337 649 425 713 enim
440 658 570 735 praetor
586 667 659 727 eoo,
688 668 771 733 quos
788 671 824 735 p.
839 650 914 714 561.
931 660 964 714 et
988 673 1023 738 p.
1033 648 1109 717 563.

62 746 96 801 et
111 737 186 802 565.
203 735 438 803 illustravimus
457 733 598 814 modos,
621 733 901 798 enuntiationibus
919 735 1028 800 omnis
1051 759 1115 824 ger

10 818 28 829 “’
61 822 152 887 neris
178 841 406 902 communes,
422 829 565 908 potestas¹
590 817 770 904 particulae
793 820 951 906 competit
974 821 1111 908 quintu·
1183 819 1185 823 ’

17 926 31 975 .‘
60 907 154 995 plex.
196 909 303 992 Atque
317 906 465 994 primum
482 915 597 969 autem
617 904 775 990 exprimit
790 908 974 991 quaerentis
1002 908 1110 996 impa—

62 1001 185 1058 tumet
198 993 439 1059 vehementiam
449 1038 464 1070 ,
480 990 547 1054 sive
567 1011 605 1052 ea
625 987 664 1052 ab
684 988 902 1057 admiratione
919 991 1110 1079 proficisca-

62 1087 136 1159 tur,
156 1079 223 1143 sive
246 1076 285 1142 ab
309 1075 535 1162 indignatione
558 1081 591 1138 et
615 1073 802 1156 iracundia,
830 1077 975 1142 maxime
996 1079 1033 1144 in
1052 1102 1114 1145 ra-:

23 1180 27 1187 '
87 1163 297 1229 rehensione.
325 1161 441 1226 Graeci
459 1153 635 1240 dicuntdri,
653 1159 695 1225 de
709 1181 776 1245 quo
798 1161 865 1225 rid.
881 1165 1110 1252 Hoogeren.s.

10 1318 21 1325 ,
60 1187 97 1315 ll.
108 1271 137 1314 v.
148 1260 180 1313 et
192 1249 236 1311 u.
258 1243 487 1311 vidMatthiae
499 1246 649 1310 Gramm.
666 1267 702 1331 p.
721 1245 815 1309 1245.
839 1248 1050 1317 Westerhov.
1067 1252 1110 1316 ad

10 1342 20 1383 ἵ
60 1333 199 1399 Terent.
219 1331 304 1395 Eun.
320 1335 362 1407 4,
385 1333 423 1412 7,
447 1333 500 1395 28.
536 1331 630 1412 Quae
648 1340 740 1394 extra
756 1329 1050 1418 interrogationem
1064 1338 1110 1404 ita

17 1424 32 1459 ·,
58 1429 191 1507 gravata
209 1438 310 1503 supra
325 1440 359 1504 p.
376 1418 451 1482 568.
470 1415 580 1501 attuli,
603 1436 644 1481 ex
664 1414 864 1504 repetitione
880 1418 1025 1488 eiusdem
1041 1445 1108 1489 no-

56 1505 158 1570 minis
173 1503 305 1592 pondus
321 1502 495 1591 recipiunt.
570 1574 572 1579 ,

164 1640 251 1692 Plaut.
268 1637 341 1690 Asin.
365 1636 398 1704 3,
415 1635 454 1705 3,
477 1637 537 1695 126.
564 1658 644 1712 quom
672 1648 711 1694 te
725 1646 819 1692 autem
843 1620 926 1691 deaut
946 1640 1113 1695 nominem?

128 1725 149 1787 i.
165 1743 192 1794 q.
208 1725 323 1777 tandem.
355 1724 462 1776 Terent.
479 1727 546 1778 Eun.
563 1723 595 1790 5,
613 1725 646 1788 7,
664 1725 691 1778 5.
709 1723 776 1796 quid
797 1723 853 1777 *toa
872 1722 1110 1780 arteut'stmali?
1180 1737 1185 1744 “
1229 1801 1232 1810 ¹

130 1810 223 1861 Heaut.
249 1809 284 1873 2,
305 1808 340 1875 3,
367 1811 410 1862 10.
438 1811 507 1882 quiri
524 1808 617 1864 istuc?
645 1827 716 1880 quae
733 1826 777 1864 res
797 1821 826 1863 te
842 1807 978 1863 sollicitat
995 1811 1110 1865 autem?

130 1896 185 1948 Cic.
201 1895 280 1947 Aoad.
301 1894 336 1958 2,
358 1894 390 1962 8,
408 1896 452 1960 25.
467 1893 617 1971 'quomodo
634 1904 728 1948 autem
747 1897 852 1949 moveri
877 1898 987 1949 animus
1006 1896 1048 1949 ad.
1060 1917 1112 1968 ap·

129 1980 278 2052 petendum
296 1990 408 2057 potest,
435 1981 461 2035 si
487 1981 534 2046 id,
554 1979 630 2054 quod
644 1978 773 2045 videtur,
791 1997 847 2033 nott
867 1976 1020 2052 percipitur
1037 1981 1110 2035 eta?

127 2066 146 2117 i.
164 2085 187 2118 e.
205 2066 266 2128 πῶς
283 2061 336 2135 δή,
354 2067 389 2118 ad
404 2067 477 2119 Fam.
496 2067 534 2134 7,
551 2068 601 2135 12,
618 2064 645 2119 5.
668 2065 808 2140 quomodo
831 2076 926 2120 autem
945 2064 997 2122 tibi
1016 2066 1111 2138 place·

31 2176 34 2181 ·
132 2149 175 2206 bit
187 2153 282 2206 torrem
301 2151 425 2222 lapidem
441 2153 540 2216 iurare,
559 2171 642 2226 qaum
658 2138 740 2208 scias.
752 2155 847 2210 intrem
867 2153 970 2206 iratum
985 2171 1045 2208 esse
1065 2173 1112 2207 ne·

130 2239 199 2292 mini
223 2236 329 2307 posse?
358 2236 488 2293 nisiben
512 2239 573 2291 loeo
598 2249 691 2292 autem
718 2239 828 2308 ponitur
854 2248 1010 2308 propterea,
1038 2239 1110 2307 quod

129 2323 215 2375 oratio
236 2323 268 2375 ab
287 2322 407 2374 universe
423 2341 453 2374 re
472 2324 634 2376 convertitur
650 2324 684 2376 ad
701 2341 840 2393 personam
861 2323 1028 2390 singularem.
1056 2323 1110 2375 vid.

130 2411 258 2461 Goerenz.
276 2407 310 2459 ad
326 2407 407 2459 Acad.
425 2407 458 2472 2,
480 2407 514 2472 7,
534 2409 577 2461 22.
596 2409 641 2460 ubi
667 2418 754 2462 tamen
778 2408 983 2461 enumerationis
1008 2408 1108 2462 mentio

130 2511 185 2546 non
206 2504 264 2547 erat
284 2492 415 2547 facienda.
449 2488 836 2561 Flor.3,10‚11.veata'd
858 2493 1022 2550 Caesaremc
1047 2496 1110 2568 quic

102 2632 105 2636 i
129 2591 285 2636 astantem
309 2576 431 2633 Caesar?

164 2699 278 2767 Elegans
296 2707 336 2751 est
354 2695 490 2749 Guilielmi
508 2703 536 2747 et
552 2696 657 2748 Dousae
674 2695 823 2751 emendatio
847 2697 876 2749 in
889 2697 975 2761 Plaut.
987 2695 1065 2748 Men.
1082 2690 1109 2760 5,

129 2783 163 2851 2,
180 2785 222 2836 71.
242 2805 307 2838 num
325 2783 388 2837 hinc
405 2782 553 2853 migrasti?
578 2785 621 2833 Sr-
647 2800 727 2856 qoem
743 2786 773 2838 ire
793 2781 883 2835 locum
899 2791 1009 2845 antem,
1033 2779 1111 2836 obre·

58 2910 62 2923 .
131 2866 203 2933 ero?
223 2871 301 2939 vulgo
326 2851 560 2938 legebdturquem
576 2870 607 2922 in
627 2866 719 2922 locum
741 2879 792 2923 aut
808 2865 844 2926 ot
861 2882 927 2926 ran.
960 2871 1038 2941 Apud
1053 2871 1110 2925 'l’a-

129 2942 198 3005 rent.
227 2957 293 3007 Eun.
317 2954 350 3019 5,
379 2953 411 3019 6,
436 2950 462 3003 4.
489 2951 557 3022 qaid
580 2950 633 3011 lico
655 2943 751 3013 autem
767 2959 834 3014 est?
857 2941 1004 3025 interrogat
1022 2974 1110 3009 secum

128 3037 239 3108 loquens
257 3043 403 3105 Parmeno,
419 3037 464 3110 qui
481 3043 590 3096 miratur
608 3045 734 3098 accedere
754 3034 889 3114 Pythiam,
917 3050 944 3095 et
962 3042 1011 3094 Ad.
1030 3040 1066 3108 3,
1079 3040 1109 3108 ’4,
1157 3033 1161 3039 ’

60 3147 62 3154 ’
122 3123 174 3179 ·16.
195 3125 263 3200 quid
280 3125 396 3180 antem?
412 3129 527 3194 Demea,
552 3120 598 3200 q'ui
616 3130 750 3184 inscitiam
772 3130 910 3195 simulans,
936 3128 1063 3197 miratur,
1080 3144 1111 3180 se
1139 3151 1141 3156 ·

128 3210 208 3265 etiam
226 3214 259 3265 ab
277 3213 396 3282 Hegione
412 3214 512 3283 quaeri.

170 3331 253 3383 Plant.
280 3332 372 3387 Pseud.
400 3332 432 3396 1,
456 3333 489 3399 3,
511 3333 557 3387 70.
582 3318 675 3388 metuo
704 3323 824 3389 crederes·
852 3336 893 3388 Ps.
907 3329 909 3334 ’
924 3330 1039 3388 Credere
1061 3352 1120 3396 aare

130 3416 206 3469 tem?
226 3415 288 3471 elio.
303 3429 342 3470 ait
361 3423 488 3490 poenitet
505 3430 549 3483 tr,
569 3429 672 3491 quanto
686 3415 836 3491 hiefuerit
850 3419 925 3475 usu?
944 3418 1110 3471 Terentlid.

93 3558 97 3564 ¹
126 3501 158 3565 2,
178 3499 209 3566 1,
226 3501 270 3556 31.
288 3523 376 3577 egone
392 3502 576 3558 ‹ladasclatur
593 3522 653 3554 sum
672 3512 766 3558 aotam
783 3527 820 3560 ars
836 3517 867 3559 tu
886 3507 916 3558 in
934 3503 999 3575 mel
1025 3504 1109 3560 Plaut.

129 3581 222 3658 Amph.
242 3590 272 3653 1,
290 3591 323 3656 3,
339 3589 383 3643 41.
404 3589 512 3662 pergin'
533 3587 651 3640 autem?
675 3590 782 3644 Terent.
799 3593 865 3643 nau.
881 3587 915 3657 4,
931 3588 966 3657 7,
981 3588 1034 3660 23..
1057 3591 1107 3642 Tu.

125 3686 180 3746 'ego
199 3693 256 3727 non
277 3684 392 3748 tangam
409 3673 520 3729 meam?
537 3673 584 3723 Cu·
607 3672 697 3728 Tuam
713 3686 824 3740 autem,
835 3666 983 3750 furcifer?
1009 3675 1108 3743 „Quod

128 3760 234 3830 dempto
256 3760 365 3826 effectu,
385 3771 470 3814 esset:
487 3759 593 3811 minime
609 3777 672 3812 raro
690 3770 816 3813 tuaest..
835 3762 875 3810 lta
895 3758 990 3811 Graeci
1008 3776 1055 3810 suo
1075 3755 1107 3812 dl

126 3845 267 3914 aliquando
287 3850 423 3917 utuntur.“
459 3845 575 3899 boecler.
592 3845 620 3896 in
638 3845 740 3897 Chrest.
756 3845 868 3905 ¹Terent.
888 3845 1060 3921 Ruhpkenius
1078 3844 1108 3896 id

111 3931 156 3982 'in
172 3930 345 4001 responsione
361 3929 420 3983 fieri
437 3932 519 3994 dicit,
547 3949 614 4001 qnae
631 3929 849 3998 interrogationis
875 3931 986 3982 formam
1006 3930 1114 3994 induat,

127 4020 163 4068 At
181 4017 332 4086 cuicumque
358 4015 561 4088 interrogationi
585 4016 753 4072 veliementer
777 4014 964 4086 pronuntiatae
978 4013 1012 4077 id
1028 4031 1111 4068 cont-.

108 4119 204 4197 ⁸nturre
224 4111 273 4156 est.
756 4111 758 4115 '
1147 4095 1149 4105 '
