2618 4770
376 311 388 338 ’·
483 327 693 415 seusu.
1012 331 1231 399 uum

72 554 74 561 Ι
123 461 267 558 adspicias
292 502 404 550 eorum,
432 481 512 558 haud
537 481 607 537 meli
631 466 770 538 videntur.
805 483 863 536 cas.
880 481 915 547 8,
939 485 973 548 2,
996 483 1108 551 stae,

124 593 209 649 quom
226 570 370 642 adspicias
395 573 522 633 tristem,
552 564 639 642 frugi
658 584 778 622 censeas.
810 571 862 620 Per
887 579 920 621 at
944 569 1002 639 ipsa
1027 571 1108 642 Cleo·

123 669 208 712 strata
224 674 297 709 snum
317 666 424 708 coercet
442 655 605 709 voluntatem
621 651 783 707 ludificandi·
834 685 839 691 -

139 767 192 827 12.
221 758 260 824 ln
276 750 491 823 conclusione
512 780 549 823 eu
566 755 768 837 enuntiatio,
798 759 882 843 'quae
904 752 1108 844 ussumptio-

53 870 133 913 nem
148 846 313 923 eontinet,
336 854 368 908 et
384 845 402 908 n
421 844 456 910 lu
479 844 537 911 icis
557 866 617 930 per
635 842 731 940 utqui
749 843 980 928 coniungitur,
1004 843 1109 906 intur-
1131 900 1134 905 .
1161 916 1165 932 ‚
1235 852 1237 857 '

54 935 136 999 dum
151 932 186 996 in
204 954 237 995 se
247 929 353 993 'habet
368 941 416 1009 et,
437 868 493 993 nii
513 927 549 992 fit
564 927 746 1016 oppositio.
793 927 853 992 Est
869 928 960 991 enim
972 928 1005 992 id
1018 928 1109 1014 quod

54 1041 96 1084 esc
116 1018 230 1083 alteru
242 1024 364 1102 parte,
387 1035 465 1079 cum
481 1015 513 1079 vi
528 1014 670 1100 quadam
692 1011 972 1097 demonstrative,
995 1014 1116 1101 sequi-.

53 1116 175 1191 turque
190 1105 226 1166 in
242 1100 458 1167 conclusione
473 1098 617 1164 finiende
630 1098 752 1185 igitur.

168 1218 766 1288 cic.'rusc.8,7‚15.saptentisautuus
794 1214 836 1270 ita
861 1235 969 1291 semper
986 1200 1108 1291 affectus
1187 1220 1190 1225 ’

125 1318 177 1373 est,
195 1316 226 1360 ut
251 1301 362 1359 ratione
377 1307 485 1377 optime
508 1315 613 1358 utatur.
632 1321 783 1376 numquam
797 1304 885 1374 igitur
900 1315 943 1359 est
959 1302 1107 1376 perturba·

105 1404 191 1465 xtus:
217 1403 247 1443 et
271 1391 419 1461 aegritudo
447 1389 619 1462 perturbatio
645 1399 689 1444 est
715 1388 821 1441 animis
837 1404 953 1460 vsemper
968 1392 1056 1460 igitur
1074 1406 1109 1443 ea

126 1474 239 1550 sapiens
255 1471 376 1529 vacabit.
413 1474 445 1527 de
464 1475 524 1526 Fin.
543 1474 577 1538 2,
599 1472 712 1538 24,78.
726 1473 774 1526 ubi
797 1473 895 1541 legitur
915 1484 947 1525 at
964 1477 1046 1528 enim.
1121 1483 1123 1487 ’
1183 1498 1205 1521 μ

140 1579 181 1644 ΙΙ.
226 1585 256 1642 1.
284 1576 415 1641 Aooedo
433 1576 474 1642 nd
490 1576 699 1642 rhetoricum
715 1568 833 1642 usum.
878 1577 985 1663 Atque
1008 1576 1042 1639 in
1068 1599 1109 1642 eo

55 1664 205 1753 primum
221 1682 268 1739 AT
285 1661 416 1744 dieitur,
428 1673 466 1727 ut
474 1664 635 1728 sentientia
645 1674 740 1748 antee
747 1684 812 1750 pro
841 1661 926 1726 osite
940 1662 1107 1748 reprima-

56 1763 131 1829 tur,
160 1750 221 1814 ulia
245 1748 410 1812 contrarie
437 1748 598 1813 sententio
623 1748 763 1814 obiecta.
815 1684 983 1832 §ignifluis
999 1741 1108 1832 ‘igitur

49 1848 196 1915 eontm,
228 1835 352 1898 imme:
381 1834 435 1903 im,
454 1831 679 1921 Gegentleeil:
709 1844 742 1899 et
765 1856 861 1932 saepe
888 1832 1027 1920 ponitur
1042 1853 1106 1921 pro

57 1921 203 2009 simplici
218 1919 399 2008 negationis
415 1917 580 2001 formula,
610 1919 708 1999 nein,
733 1940 796 2019 qua
811 1919 923 2007 lingna
938 1917 1038 1982 letina
1054 1941 1109 1984 ce-

55 2018 118 2071 ret.
161 2008 265 2092 Saepe
281 2006 378 2069 ctiam
402 2005 496 2070 reddi
546 2013 631 2069 otest
644 2029 706 2093 per
722 2005 898 2078 melmin,
922 2000 1016 2083 oillei,
1040 2026 1122 2097 quos

57 2093 145 2156 aliud
163 2091 240 2177 quid
259 2090 477 2163 substituitur.
507 2025 560 2156 (if.
574 2089 731 2180 Thucyd.
754 2096 789 2173 1,
811 2095 865 2154 26.
883 2089 921 2154 ld
939 2100 970 2153 et
986 2091 1019 2154 in
1036 2091 1121 2155 eol··

56 2179 173 2265 loquio
187 2175 226 2240 fit
242 2187 274 2240 et
288 2178 323 2241 in
341 2177 509 2258 oratione,
534 2199 617 2263 quoe
630 2176 769 2242 alienum
789 2175 886 2240 effert
902 2176 1108 2252 sententium,
1189 2195 1190 2201 ¹

59 2263 152 2351 quasi
167 2264 213 2342 is,
247 2263 303 2348 qui
331 2261 542 2348 obloquitur,
572 2262 675 2346 edsit,
702 2263 791 2327 etin
813 2284 869 2343 eu,
893 2283 958 2348 quo
983 2260 1110 2325 delibe-

56 2350 161 2414 rando
190 2371 226 2412 uc
259 2346 439 2412 dubitando
473 2347 639 2436 duplicem
674 2371 770 2435 ogere
800 2347 952 2412 videmur
984 2370 1107 2434 perso·

56 2458 145 2514 num,
160 2435 297 2497 alterum
313 2433 502 2504 iudicantis,
526 2434 664 2499 ultorum
682 2433 875 2499 refellentis.
898 2433 1014 2519 Neque
1030 2453 1108 2497 vero

58 2521 226 2608 intelligo,
249 2517 537 2583 cur'Genuherdus
554 2520 672 2584 ndCic.
688 2520 804 2584 Coton.
824 2525 881 2595 11,
901 2521 954 2584 35.
970 2529 1110 2585 conten·

58 2607 161 2682 derit,
189 2617 231 2669 ut
251 2597 356 2668 relius
379 2604 414 2667 in
436 2605 670 2692 respondendo
694 2604 855 2670 adhiberi.
905 2604 997 2669 Nihil
1020 2605 1110 2676 enim

58 2693 185 2778 aptius,
217 2688 302 2753 nihil
326 2690 471 2754 usitatius
499 2712 567 2755 esse
588 2701 709 2779 potest.
752 2691 796 2756 Et
815 2690 893 2754 licet
911 2713 953 2754 ex
969 2702 1109 2778 utruque

56 2787 153 2865 purte
168 2772 330 2861 colloquii
346 2774 471 2863 duplex
495 2777 591 2863 poni.
634 2776 674 2841 ln
698 2775 804 2842 Plnut.
827 2772 908 2841 Cist.
925 2778 965 2859 4,
991 2782 1030 2860 2,
1053 2781 1110 2842 70.

56 2861 163 2928 sexies
184 2861 316 2946 legitur.
416 2934 418 2939 ¹
475 2892 477 2899 ¹
505 2919 509 2924 ,
641 2896 644 2902 -

90 2974 96 2989 “
162 2981 216 3034 Cic.
235 2982 268 3033 de
285 2981 342 3033 Fin.
360 2976 393 3046 4,
411 2949 636 3056 Ι96,71.Ιιιιοιίιίι
652 2980 718 3046 itta,
735 2986 835 3056 inquit,
857 2986 929 3040 iuter
943 3003 1017 3056 quae
1034 2980 1109 3039 nillil

128 3069 258 3131 interest,
273 3077 367 3120 tamen
383 3058 521 3122 eiuinsodi
535 3079 617 3132 sunt,
644 3078 675 3120 ut
695 3067 873 3124 eorum-elia
894 3069 1024 3142 eligenda
1042 3070 1108 3131 siut,

125 3150 186 3206 eilia
203 3150 368 3215 reiieienda,
393 3149 453 3203 alia
477 3155 591 3207 omnino
612 3146 799 3224 negligendae
824 3152 1110 3215 decumanorum

124 3236 186 3290 alia
200 3235 287 3298 velis,
307 3235 368 3291 alia
382 3234 472 3302 nolis,
490 3236 551 3292 alia
573 3256 631 3292 non
649 3258 736 3295 cures.
769 3241 810 3294 At
828 3238 912 3294 modo
928 3238 1049 3305 dixeras,
1068 3241 1110 3292 ui·

124 3320 168 3375 hil
184 3316 216 3374 ἐπ’
229 3324 290 3376 istis
305 3340 372 3386 esse,
389 3322 464 3393 quod
481 3325 633 3378 interesset.
656 3323 699 3378 Et
715 3343 787 3378 nunc
802 3323 876 3380 idem
892 3325 971 3388 dieo,
994 3325 1110 3396 iuquiet-

125 3407 153 3457 in
174 3408 252 3459 Verr.
269 3405 295 3468 2,
314 3399 358 3471 78,
378 3405 437 3459 192.
454 3426 481 3475 p.
497 3408 555 3460 Mil.
571 3405 649 3472 6,15.
667 3409 735 3482 quid
747 3428 832 3482 perro
848 3409 1033 3484 quaerendum
1048 3405 1115 3464 est?
1208 3458 1210 3460 ,
1276 3374 1293 3408 ²⁴

80 3573 86 3585 l
128 3492 280 3546 Facturum
296 3491 355 3547 sit?
372 3493 412 3547 At
427 3503 549 3549 constat.
581 3495 610 3548 A
628 3496 706 3568 quo?
726 3496 766 3550 At
781 3501 872 3568 peret.

158 3595 256 3664 Philip.
272 3597 306 3660 2,
323 3595 356 3664 9,
375 3597 419 3650 21.
438 3596 513 3669 quod
527 3597 640 3670 quidam
654 3615 706 3672 ego
718 3595 835 3671 favisse
860 3617 904 3652 me
926 3594 980 3652 tibi
996 3592 1110 3668 fateor,

57 3725 59 3729 ,
125 3679 248 3733 suasisse
270 3692 355 3735 netu
378 3682 489 3754 quidem
516 3681 594 3737 dicis·
629 3685 800 3740 AtMiloui
820 3680 975 3754 nefacere
998 3681 1111 3754 quidem

122 3765 215 3834 potui.
251 3763 332 3819 Prius
346 3769 421 3821 enim
434 3787 491 3822 reru
508 3770 661 3842 transegit,
678 3786 760 3843 quam
776 3775 922 3843 quisquam
937 3785 998 3822 eum
1010 3764 1113 3838 factu-5

124 3867 185 3900 rum
205 3846 235 3901 id
251 3855 446 3922 suspiceretur.
464 3853 548 3905 Plaut.
567 3850 624 3905 Mil.
639 3853 673 3920 4,
691 3854 724 3909 7.
744 3855 788 3910 23.
807 3854 875 3927 quid
890 3858 978 3918 istuc,
995 3870 1109 3927 quaeso,

124 3931 201 4002 quod
217 3933 300 3987 oculo
309 3931 478 4004 factumest
490 3938 562 3991 tuo?
582 3936 729 3992 petulco
746 3938 874 4011 equidem
888 3937 978 3994 hercle
989 3926 1109 3993 oculum-¹

123 4034 165 4068 es.
182 4030 213 4070 at
227 4017 336 4074 laeuum
354 4022 426 4079 dieo.
453 4023 473 4076 i.
491 4041 514 4076 e.
534 4040 588 4076 non
608 4023 695 4089 hunc,
714 4034 742 4075 at
760 4025 871 4078 laevum.

159 4123 231 4176 Gnrt.
249 4121 286 4188 3,
303 4123 336 4188 6,
354 4123 379 4175 6.
398 4124 527 4182 «iuuenem
551 4126 653 4182 medici
661 4125 776 4197 fidem?
801 4128 831 4180 in
847 4123 1026 4182 tabernaculo
1042 4139 1109 4196 ergo

121 4223 165 4260 me
185 4211 310 4282 opprimi
332 4211 452 4280 patiar?
478 4216 521 4269 At
544 4215 635 4273 satius
657 4222 701 4268 est
723 4211 818 4268 alieno
843 4204 1122 4276 mumortuetue·
