2618 4770
550 332 702 428 rTQtt.
767 375 771 383 ·
963 328 966 333 ’
1063 352 1127 422 tre

96 512 169 569 ecte
185 500 305 592 legitur
319 512 432 592 otqrre.
475 495 553 581 Quo
573 507 681 573 autem
694 496 797 564 modo
820 510 923 591 atque
943 517 1007 593 pro
1031 506 1129 596 atqui

96 593 162 654 roni
181 591 301 677 possit,
316 611 416 677 supra
431 608 466 678 p.
484 591 557 650 492.
574 585 892 652 demonstravimusr
914 611 994 656 narn
1012 592 1129 661 adver·

96 679 180 741 ativn
203 676 296 740 notio
319 675 429 739 omitti
456 672 606 759 quidem,
626 679 739 745 tamen
755 692 824 736 non
844 680 956 761 potest
970 675 1046 744 addi
1061 680 1128 745 im.

96 769 237 826 rortune.
280 761 393 847 Neque
409 755 481 835 ille,
507 777 605 845 quem
623 762 862 844 supraprlfio.
879 760 1126 843 illustravimus,

95 867 189 912 rexus
215 849 391 933 particulae
413 857 444 910 et
471 843 681 931 pronominis
712 846 809 907 etiarn
832 842 910 909 huic
933 849 1003 915 voci
1030 853 1128 939 atqui

99 937 241 1019 ornpetit
258 932 343 1020 apud
361 932 465 995 bonos
481 929 616 1016 quidem
628 925 826 1014 ¹scriptores,
843 949 904 994 neo
921 933 967 997 vis
981 934 1036 1000 illa
1052 939 1128 1004 col·

96 1020 194 1084 activa
204 1063 213 1099 ,
233 1038 316 1105 quae
331 1018 470 1105 propria
487 1024 535 1079 cst
551 1012 710 1078 vocabulo
730 1025 840 1102 atque.
861 1013 937 1081 vid.
953 1038 987 1109 p.
1007 1023 1082 1089 475.
1097 1048 1127 1090 e.

187 1130 311 1191 ¹lrlirabili
336 1138 480 1189 subtilitate
504 1132 591 1186 critici
610 1130 761 1185 alterutrius
785 1132 929 1203 particulae
953 1140 1129 1210 patrocininin

152 1225 284 1294 suscipere
301 1222 436 1276 solebantt
454 1219 535 1272 veluti
552 1217 671 1271 Davisius
686 1219 839 1272 vocabulum
855 1227 949 1294 atqui,
967 1230 1131 1284 recentiore·

149 1310 245 1377 ubique
270 1319 353 1380 atque
378 1305 569 1359 restituendum
593 1311 758 1355 censuerunt.
804 1307 1130 1386 Quom0d91003050,p‚
1152 1346 1156 1357 .

150 1394 207 1446 Mil.
226 1414 248 1445 c.
266 1393 291 1445 4.
311 1404 370 1445 etc
396 1392 451 1453 15.,
469 1407 534 1459 quos
553 1389 718 1440 Faociolatns
741 1385 835 1454 affert,
862 1393 988 1461 explicari
1007 1396 1129 1463 debeant,

152 1480 275 1549 deinceps
302 1477 511 1531 monstrabimus.
548 1472 602 1525 cte.
619 1470 697 1524 Tusa.
716 1470 750 1539 5,
770 1475 818 1538 20,
837 1472 879 1528 57.
900 1496 955 1550 qua
977 1480 1131 1549 pulchritu⁴

151 1565 216 1620 dine
233 1561 343 1626 urium,
362 1559 460 1633 quibat
485 1569 579 1612 eutem
603 1556 707 1627 opilius
725 1559 902 1630 praeditam,
928 1567 1060 1620 servitute
1079 1586 1131 1638 op·

150 1666 274 1721 pressum
293 1653 383 1702 tenuit
401 1651 550 1700 ciuitatem.
584 1645 674 1714 Atqui
693 1645 728 1698 de
744 1644 796 1698 hoc
813 1646 924 1702 boariae
944 1649 1063 1707 a'bouis
1081 1673 1131 1706 aa·

154 1735 274 1788 ctorilrus
293 1739 332 1787 sic
352 1733 484 1802 scriptum
507 1731 678 1800 occepimus,
703 1746 839 1785 summam
851 1728 950 1803 fuisse
967 1735 1026 1789 eius
1043 1739 1073 1790 iu
1090 1741 1132 1789 ui·

153 1834 197 1872 otu
223 1819 449 1889 temperantiam,
471 1816 500 1868 in
521 1814 656 1887 rebarque
673 1816 801 1886 gerendis
819 1820 910 1872 virum
929 1838 1020 1874 aorem
1042 1832 1071 1876 et
1090 1825 1133 1876 iu·
1196 1867 1198 1871 .

156 1905 300 1969 doctrinm,
318 1904 442 1958 nunidem
459 1916 551 1955 tamen
566 1900 724 1970 maleficum
739 1915 841 1955 notura
856 1916 885 1958 et
905 1908 1044 1960 iniustum.
1062 1909 1133 1960 Haeo

155 2001 228 2052 recte
246 1973 332 2043 essent
352 1989 438 2050 dicta,
466 1989 517 2038 nisi
542 1985 732 2059 praecederent
757 1992 891 2057 servitute
908 2006 1072 2063 oppressam
1095 1997 1134 2046 οἱ.

134 2082 279 2143 1υἱιαιεὶη.
313 2078 401 2137 Quare
419 2073 476 2125 eine
494 2073 752 2125 dubio'euribendum
776 2084 817 2126 est
836 2082 935 2146 atque,
963 2078 1132 2147 idquelegi-

154 2171 197 2213 tur·
217 2160 244 2212 in
264 2157 323 2214 cod.
342 2178 422 2214 oxon.
458 2179 484 2228 p.
503 2160 581 2210 nich.
597 2153 630 2224 6,
652 2155 694 2210 15.
714 2163 800 2213 etiam
818 2154 893 2214 illud
909 2160 1051 2233 adiungo,
1073 2181 1133 2216 eae·
1165 2210 1167 2215 .

153 2252 217 2318 pius
236 2246 273 2298 art
293 2246 403 2298 laudem
425 2255 509 2316 utque
525 2248 656 2297 virtutem
674 2254 802 2297 naturam
817 2249 877 2299 siue
895 2244 1032 2314 doctriua,
1050 2266 1135 2320 quam
1215 2306 1219 2315 ,

155 2336 214 2386 siue
232 2343 332 2384 natura
357 2329 480 2384 ualuisse
499 2327 663 2382 doctrinam.
701 2330 790 2402 Atqui
816 2329 889 2384 idem
912 2350 964 2403 ego
985 2333 1134 2398 contendo,

155 2435 238 2490 purim
268 2417 306 2469 ad
333 2427 461 2467 naturam
486 2413 615 2467 eximiam
636 2424 719 2486 utque
737 2412 877 2470 illustrem
893 2421 1040 2472 occesserit
1057 2421 1133 2473 ratio

155 2503 293 2576 quosdam
318 2495 560 2569 consonantiaque
585 2497 744 2563 doctrinae,
778 2508 836 2553 tum
860 2500 936 2555 illud
956 2505 1048 2558 nescio
1067 2501 1135 2576 quid

97 2586 100 2594 '
156 2586 330 2659 praeclarum
348 2605 381 2639 ac
397 2582 539 2656 singulare
557 2581 648 2637 solere
664 2585 804 2639 exsistere.
841 2585 882 2638 lta
904 2585 1053 2641 Schellerus
1076 2605 1135 2643 aaut
1183 2618 1186 2623 ·

155 2670 256 2740 llgerrin
281 2677 308 2724 et
337 2668 472 2722 Ochsnero
497 2679 683 2731 correxerunt,
707 2669 755 2720 aed
778 2667 855 2722 unice
878 2687 973 2724 verum·
992 2681 1034 2726 est
1050 2684 1136 2745 etque

158 2759 229 2812 idem
250 2775 311 2828 ego.
334 2767 362 2808 ut
383 2756 409 2806 in
428 2754 461 2806 iis
475 2755 558 2817 locis,
583 2770 649 2822 quos
672 2753 785 2806 afferant
803 2754 950 2809 Schellerne
974 2757 1002 2809 in
1024 2760 1136 2812 Obiere.

157 2862 183 2915 p.
202 2844 320 2896 91.100.
340 2836 397 2894 133.
419 2849 447 2892 et
471 2838 619 2890 Ochenerus
644 2855 670 2908 p.
689 2839 749 2895 110.
769 2851 876 2909 praeter
890 2842 968 2899 Tusc.
985 2841 1020 2907 3,
1040 2842 1066 2895 9.·
1091 2845 1136 2896 ubi

157 2947 264 3001 prorsus
284 2928 394 2979 aliaest
413 2927 491 2977 ratio.

121 3077 125 3085 .
192 3034 246 3087 Cic.
268 3033 301 3085 de
318 3035 421 3083 Senect.
440 3030 492 3091 14,
512 3024 554 3079 60.
573 3022 640 3099 quid
659 3022 695 3081 de
721 3024 753 3082 Ρ.-
770 3024 879 3084 Licinii
908 3027 1002 3086 Crassi
1020 3039 1049 3085 et
1066 3049 1138 3104 porr·

158 3119 242 3188 tificr'i
270 3131 298 3171 et
323 3118 414 3171 ciuilis
441 3117 508 3168 iuris
534 3112 773 3186 studiolouuor?
802 3125 853 3168 aut
869 3114 906 3169 de
922 3116 1003 3172 huius
1025 3117 1056 3171 Ρ.
1079 3119 1138 3173 Sci·

158 3205 268 3274 pionis,
289 3207 335 3272 qur·
353 3201 397 3255 liis
415 3205 514 3272 paucis
538 3197 635 3253 diebus
658 3194 794 3270 pontifex
818 3205 955 3254 maximus
965 3197 1068 3273 sactus
1086 3215 1139 3256 est.

157 3290 246 3360 Atqui
269 3303 316 3339 eos
337 3304 446 3352 carnes,
467 3303 532 3358 quos
552 3289 781 3348 commemoravi,
798 3283 842 3338 his
859 3285 962 3342 studiis
978 3285 1139 3357 flagrantes

156 3392 234 3428 senes
253 3371 382 3425 vidimus.
416 3369 499 3423 Miror
520 3369 702 3423 Geruhardnm
719 3372 784 3422 haec
802 3389 834 3424 eo
854 3373 959 3424 nomine
977 3371 1137 3435 defendisse,

158 3458 229 3527 quod
255 3472 312 3509 curn
340 3457 488 3508 obiectione
505 3456 616 3524 quadarn
635 3453 721 3524 aptius
746 3473 795 3525 per
819 3457 898 3530 atqui
919 3460 1083 3511 referrentur
1101 3457 1138 3509 ad

159 3544 344 3596 adversarium.
395 3540 424 3592 In
450 3541 491 3592 his
517 3541 586 3592 enim
613 3534 681 3592 nillil
708 3542 849 3610 opponitur
879 3540 1048 3608 adversario,
1083 3542 1137 3594 nisi
1206 3558 1209 3563 ‘

160 3622 293 3696 exempla,
314 3639 397 3696 neque
414 3627 471 3696 ipsa
489 3623 618 3677 orationis
636 3626 811 3679 conformatio
830 3626 946 3679 admittit
965 3630 1054 3698 atqui,
1069 3622 1140 3696 qaod

161 3713 249 3764 locum
268 3714 387 3766 obtinere
405 3721 495 3782 posset
512 3710 538 3762 in
558 3709 608 3763 hac
628 3713 772 3766 sententia:
802 3714 882 3786 atqui
905 3710 926 3764 ii
951 3728 1046 3764 omnes
1061 3726 1141 3765 senes

159 3810 237 3851 erant
256 3797 405 3850 aculeorum
423 3810 559 3851 annorum
594 3797 686 3849 Cicero
704 3797 810 3867 scripsit
827 3809 931 3869 atquae
948 3792 1020 3849 cuiue
1040 3792 1072 3850 tle
1092 3811 1141 3849 usu
1226 3797 1241 3847 'i

160 3885 213 3934 vid.
232 3904 257 3952 p.
277 3881 338 3933 475.
373 3885 429 3934 Neo
446 3883 553 3951 probari
570 3892 659 3952 potest
675 3884 793 3935 Schiitzii
812 3881 961 3934 emendatio
983 3879 1011 3933 in
1030 3881 1085 3932 cic.
1105 3877 1141 3957 ad

161 3972 216 4019 nrt.
236 3966 267 4032 S,
287 3963 329 4019 23.
354 3975 437 4039 atque
463 3967 515 4021 lior
532 3965 560 4040 io
583 3966 644 4023 illis
662 3967 780 4022 tribunis
800 3966 891 4039 plebis
918 3984 975 4020 oon
1001 3962 1142 4021 laedebat.

162 4053 226 4108 Vult
249 4052 309 4106 illae
334 4054 412 4121 atqui
436 4047 487 4104 lroc
513 4050 580 4105 illos
607 4050 733 4127 tribunos
752 4052 794 4124 pt.
816 4071 872 4107 uon
893 4047 1035 4108 laedebat·

119 4181 121 4185 ·
197 4154 273 4224 Apud
289 4152 434 4206 Arnobium
452 4152 549 4222 legitur
568 4146 595 4206 3.
605 4168 637 4241 p.
655 4147 699 4220 67,
716 4150 758 4207 at.
776 4155 832 4212 uiri
848 4153 922 4209 enim
941 4148 1022 4207 tiara
1041 4159 1070 4207 et
1086 4145 1143 4208 sei·

836 4252 889 4323 ’83
912 4261 931 4301 ⁴¹
