<?xml version="1.0" encoding="UTF-8"?>
<!DOCTYPE html PUBLIC "-//W3C//DTD XHTML 1.0 Transitional//EN"
    "http://www.w3.org/TR/xhtml1/DTD/xhtml1-transitional.dtd">
<html xmlns="http://www.w3.org/1999/xhtml" xml:lang="en" lang="en">
 <head>
  <title>
</title>
<meta http-equiv="Content-Type" content="text/html;charset=utf-8" />
  <meta name='ocr-system' content='tesseract 3.04.00' />
  <meta name='ocr-capabilities' content='ocr_page ocr_carea ocr_par ocr_line ocrx_word'/>
</head>
<body>
  <div class='ocr_page' id='page_1' title='image "./tursellinusseud03handgoog_0593.png"; bbox 0 0 2618 4770; ppageno 0'>
   <div class='ocr_carea' id='block_1_1' title="bbox 218 302 843 379">
    <p class='ocr_par' dir='ltr' id='par_1_1' title="bbox 218 302 843 379">
     <span class='ocr_line' id='line_1_1' title="bbox 218 302 843 379; baseline -0.013 -2"><span class='ocrx_word' id='word_1_1' title='bbox 218 313 282 379; x_wconf 78' lang='grc'><strong>518</strong></span> <span class='ocrx_word' id='word_1_2' title='bbox 477 304 484 313; x_wconf 67' lang='grc'><em>“</em></span> <span class='ocrx_word' id='word_1_3' title='bbox 671 302 843 371; x_wconf 79' lang='lat' dir='ltr'><strong>AVTEM.</strong></span> 
     </span>
    </p>
   </div>
   <div class='ocr_carea' id='block_1_2' title="bbox 228 456 1269 1711">
    <p class='ocr_par' dir='ltr' id='par_1_2' title="bbox 228 456 1265 952">
     <span class='ocr_line' id='line_1_2' title="bbox 314 456 1260 530; baseline -0.004 -13"><span class='ocrx_word' id='word_1_4' title='bbox 314 462 410 517; x_wconf 67' lang='lat' dir='ltr'><strong>etant.</strong></span> <span class='ocrx_word' id='word_1_5' title='bbox 431 459 488 511; x_wconf 82' lang='lat' dir='ltr'><strong>Cas.</strong></span> <span class='ocrx_word' id='word_1_6' title='bbox 505 459 576 512; x_wconf 91' lang='lat' dir='ltr'><strong>Prol.</strong></span> <span class='ocrx_word' id='word_1_7' title='bbox 593 457 637 512; x_wconf 78' lang='lat'><strong>27.</strong></span> <span class='ocrx_word' id='word_1_8' title='bbox 663 461 774 514; x_wconf 82' lang='lat' dir='ltr'><strong>ratione</strong></span> <span class='ocrx_word' id='word_1_9' title='bbox 796 467 928 522; x_wconf 75' lang='lat' dir='ltr'><strong>utuntur,</strong></span> <span class='ocrx_word' id='word_1_10' title='bbox 954 456 1031 511; x_wconf 82' lang='lat' dir='ltr'><strong>ludis</strong></span> <span class='ocrx_word' id='word_1_11' title='bbox 1056 471 1179 530; x_wconf 83' lang='lat' dir='ltr'><strong>poscunt</strong></span> <span class='ocrx_word' id='word_1_12' title='bbox 1198 465 1260 517; x_wconf 80' lang='lat' dir='ltr'><strong>nemi.</strong></span> 
     </span>
     <span class='ocr_line' id='line_1_3' title="bbox 228 542 1261 603; baseline -0.006 1"><span class='ocrx_word' id='word_1_13' title='bbox 228 568 232 573; x_wconf 90' lang='lat'><em>·</em></span> <span class='ocrx_word' id='word_1_14' title='bbox 293 565 376 603; x_wconf 75' lang='lat' dir='ltr'><strong>neme</strong></span> <span class='ocrx_word' id='word_1_15' title='bbox 392 543 543 598; x_wconf 78' lang='lat' dir='ltr'><strong>secundnm</strong></span> <span class='ocrx_word' id='word_1_16' title='bbox 559 543 643 596; x_wconf 79' lang='lat' dir='ltr'><strong>ludos</strong></span> <span class='ocrx_word' id='word_1_17' title='bbox 659 542 781 597; x_wconf 78' lang='lat' dir='ltr'><strong>reddant</strong></span> <span class='ocrx_word' id='word_1_18' title='bbox 799 553 894 597; x_wconf 83' lang='lat' dir='ltr'><strong>autem</strong></span> <span class='ocrx_word' id='word_1_19' title='bbox 911 544 1022 597; x_wconf 77' lang='lat' dir='ltr'><strong>nemini.</strong></span> <span class='ocrx_word' id='word_1_20' title='bbox 1040 543 1071 595; x_wconf 88' lang='lat' dir='ltr'><strong>in</strong></span> <span class='ocrx_word' id='word_1_21' title='bbox 1093 544 1137 595; x_wconf 84' lang='lat' dir='ltr'><strong>his</strong></span> <span class='ocrx_word' id='word_1_22' title='bbox 1157 563 1209 597; x_wconf 88' lang='lat' dir='ltr'><strong>non</strong></span> <span class='ocrx_word' id='word_1_23' title='bbox 1221 565 1261 598; x_wconf 84' lang='lat' dir='ltr'><strong>m·</strong></span> 
     </span>
     <span class='ocr_line' id='line_1_4' title="bbox 294 626 1262 703; baseline 0 -20"><span class='ocrx_word' id='word_1_24' title='bbox 294 635 336 703; x_wconf 79' lang='lat' dir='ltr'><strong>gis</strong></span> <span class='ocrx_word' id='word_1_25' title='bbox 354 638 521 701; x_wconf 85' lang='lat' dir='ltr'><strong>opponuntur</strong></span> <span class='ocrx_word' id='word_1_26' title='bbox 544 627 625 680; x_wconf 82' lang='lat' dir='ltr'><strong>verba</strong></span> <span class='ocrx_word' id='word_1_27' title='bbox 643 626 766 680; x_wconf 77' lang='lat' dir='ltr'><strong>reddunt</strong></span> <span class='ocrx_word' id='word_1_28' title='bbox 783 637 811 680; x_wconf 91' lang='lat' dir='ltr'><strong>et</strong></span> <span class='ocrx_word' id='word_1_29' title='bbox 829 638 949 699; x_wconf 78' lang='lat' dir='ltr'><strong>poseant</strong></span> <span class='ocrx_word' id='word_1_30' title='bbox 969 645 1049 696; x_wconf 82' lang='lat' dir='ltr'><strong>qnam</strong></span> <span class='ocrx_word' id='word_1_31' title='bbox 1069 629 1149 681; x_wconf 86' lang='lat' dir='ltr'><strong>simul</strong></span> <span class='ocrx_word' id='word_1_32' title='bbox 1166 628 1233 685; x_wconf 80' lang='lat' dir='ltr'><strong>ludis</strong></span> <span class='ocrx_word' id='word_1_33' title='bbox 1245 642 1262 684; x_wconf 86' lang='lat' dir='ltr'><strong>et</strong></span> 
     </span>
     <span class='ocr_line' id='line_1_5' title="bbox 294 708 1263 784; baseline -0.006 -11"><span class='ocrx_word' id='word_1_34' title='bbox 294 716 445 774; x_wconf 79' lang='lat' dir='ltr'><strong>secundnm</strong></span> <span class='ocrx_word' id='word_1_35' title='bbox 467 710 558 766; x_wconf 78' lang='lat' dir='ltr'><strong>ludos.</strong></span> <span class='ocrx_word' id='word_1_36' title='bbox 590 711 687 764; x_wconf 80' lang='lat' dir='ltr'><strong>Bacch.</strong></span> <span class='ocrx_word' id='word_1_37' title='bbox 706 708 742 776; x_wconf 84' lang='lat'><strong>4,</strong></span> <span class='ocrx_word' id='word_1_38' title='bbox 762 711 872 778; x_wconf 76' lang='lat'><strong>9‚136.</strong></span> <span class='ocrx_word' id='word_1_39' title='bbox 892 708 984 782; x_wconf 76' lang='lat' dir='ltr'><strong>i,frr</strong></span> <span class='ocrx_word' id='word_1_40' title='bbox 998 709 1089 782; x_wconf 72' lang='lat' dir='ltr'><strong>filio:</strong></span> <span class='ocrx_word' id='word_1_41' title='bbox 1108 731 1164 784; x_wconf 74' lang='lat' dir='ltr'><strong>ago</strong></span> <span class='ocrx_word' id='word_1_42' title='bbox 1182 711 1263 784; x_wconf 67' lang='lat' dir='ltr'><strong>adf-</strong></span> 
     </span>
     <span class='ocr_line' id='line_1_6' title="bbox 294 786 1265 868; baseline -0.003 -13"><span class='ocrx_word' id='word_1_43' title='bbox 294 786 358 861; x_wconf 70' lang='lat' dir='ltr'><strong>rnni</strong></span> <span class='ocrx_word' id='word_1_44' title='bbox 383 811 477 854; x_wconf 82' lang='lat' dir='ltr'><strong>autern</strong></span> <span class='ocrx_word' id='word_1_45' title='bbox 501 796 564 850; x_wconf 76' lang='lat' dir='ltr'><strong>liius</strong></span> <span class='ocrx_word' id='word_1_46' title='bbox 589 793 645 850; x_wconf 86' lang='lat' dir='ltr'><strong>ibo.</strong></span> <span class='ocrx_word' id='word_1_47' title='bbox 679 797 761 848; x_wconf 86' lang='lat' dir='ltr'><strong>Poen.</strong></span> <span class='ocrx_word' id='word_1_48' title='bbox 778 792 812 859; x_wconf 84' lang='lat'><strong>5,</strong></span> <span class='ocrx_word' id='word_1_49' title='bbox 830 794 865 861; x_wconf 83' lang='grc'><em>5,</em></span> <span class='ocrx_word' id='word_1_50' title='bbox 884 795 927 848; x_wconf 74' lang='lat'><strong>27.</strong></span> <span class='ocrx_word' id='word_1_51' title='bbox 948 795 1017 868; x_wconf 71' lang='lat' dir='ltr'><strong>quid</strong></span> <span class='ocrx_word' id='word_1_52' title='bbox 1038 794 1093 851; x_wconf 81' lang='lat' dir='ltr'><strong>tibi</strong></span> <span class='ocrx_word' id='word_1_53' title='bbox 1110 804 1218 868; x_wconf 81' lang='lat' dir='ltr'><strong>negotii</strong></span> <span class='ocrx_word' id='word_1_54' title='bbox 1231 821 1265 852; x_wconf 81' lang='lat' dir='ltr'><strong>ar·</strong></span> 
     </span>
     <span class='ocr_line' id='line_1_7' title="bbox 295 876 1264 952; baseline 0 -14"><span class='ocrx_word' id='word_1_55' title='bbox 295 898 352 942; x_wconf 78' lang='lat' dir='ltr'><strong>tem</strong></span> <span class='ocrx_word' id='word_1_56' title='bbox 369 876 414 941; x_wconf 76' lang='lat' dir='ltr'><strong>est</strong></span> <span class='ocrx_word' id='word_1_57' title='bbox 439 900 498 935; x_wconf 83' lang='lat' dir='ltr'><strong>cam</strong></span> <span class='ocrx_word' id='word_1_58' title='bbox 524 879 616 934; x_wconf 82' lang='lat' dir='ltr'><strong>istae?</strong></span> <span class='ocrx_word' id='word_1_59' title='bbox 640 876 674 941; x_wconf 84' lang='grc'><em>5,</em></span> <span class='ocrx_word' id='word_1_60' title='bbox 697 879 731 944; x_wconf 90' lang='grc'><em>6,</em></span> <span class='ocrx_word' id='word_1_61' title='bbox 748 878 775 931; x_wconf 84' lang='grc'><strong>7.</strong></span> <span class='ocrx_word' id='word_1_62' title='bbox 793 882 859 952; x_wconf 78' lang='lat' dir='ltr'><strong>qnid</strong></span> <span class='ocrx_word' id='word_1_63' title='bbox 879 881 932 934; x_wconf 83' lang='lat' dir='ltr'><strong>tibi</strong></span> <span class='ocrx_word' id='word_1_64' title='bbox 952 900 1060 937; x_wconf 83' lang='lat' dir='ltr'><strong>mecum</strong></span> <span class='ocrx_word' id='word_1_65' title='bbox 1083 885 1203 938; x_wconf 80' lang='lat' dir='ltr'><strong>autem?</strong></span> <span class='ocrx_word' id='word_1_66' title='bbox 1223 888 1264 938; x_wconf 85' lang='lat' dir='ltr'><strong>&#39;le-</strong></span> 
     </span>
    </p>

    <p class='ocr_par' dir='ltr' id='par_1_3' title="bbox 231 963 1269 1464">
     <span class='ocr_line' id='line_1_8' title="bbox 231 963 1123 1034; baseline -0.008 -9"><span class='ocrx_word' id='word_1_67' title='bbox 231 996 235 1003; x_wconf 93' lang='lat'>·</span> <span class='ocrx_word' id='word_1_68' title='bbox 294 982 364 1025; x_wconf 88' lang='lat' dir='ltr'><strong>rent.</strong></span> <span class='ocrx_word' id='word_1_69' title='bbox 382 972 474 1021; x_wconf 83' lang='lat' dir='ltr'><strong>Heaut.</strong></span> <span class='ocrx_word' id='word_1_70' title='bbox 494 965 520 1030; x_wconf 72' lang='grc'><strong>8,</strong></span> <span class='ocrx_word' id='word_1_71' title='bbox 537 964 564 1030; x_wconf 85' lang='grc'><em>3,</em></span> <span class='ocrx_word' id='word_1_72' title='bbox 585 963 626 1017; x_wconf 88' lang='grc'><strong>10,</strong></span> <span class='ocrx_word' id='word_1_73' title='bbox 647 981 719 1034; x_wconf 79' lang='lat' dir='ltr'><strong>quas</strong></span> <span class='ocrx_word' id='word_1_74' title='bbox 737 981 781 1017; x_wconf 83' lang='lat' dir='ltr'><strong>rer</strong></span> <span class='ocrx_word' id='word_1_75' title='bbox 796 973 823 1018; x_wconf 84' lang='lat' dir='ltr'><strong>te</strong></span> <span class='ocrx_word' id='word_1_76' title='bbox 842 965 982 1020; x_wconf 79' lang='lat' dir='ltr'><strong>sollieitat</strong></span> <span class='ocrx_word' id='word_1_77' title='bbox 998 969 1123 1023; x_wconf 71' lang='lat' dir='ltr'><strong>autem?</strong></span> 
     </span>
     <span class='ocr_line' id='line_1_9' title="bbox 331 1040 1266 1119; baseline -0.003 -12"><span class='ocrx_word' id='word_1_78' title='bbox 331 1057 416 1108; x_wconf 82' lang='lat' dir='ltr'><strong>Plaut.</strong></span> <span class='ocrx_word' id='word_1_79' title='bbox 434 1040 511 1118; x_wconf 74' lang='lat' dir='ltr'><strong>Epir.</strong></span> <span class='ocrx_word' id='word_1_80' title='bbox 527 1047 560 1112; x_wconf 80' lang='grc'><strong>8,</strong></span> <span class='ocrx_word' id='word_1_81' title='bbox 576 1046 610 1109; x_wconf 84' lang='grc'><em>3,</em></span> <span class='ocrx_word' id='word_1_82' title='bbox 629 1046 672 1101; x_wconf 77' lang='grc'><strong>89.</strong></span> <span class='ocrx_word' id='word_1_83' title='bbox 692 1065 744 1119; x_wconf 80' lang='lat' dir='ltr'><strong>ego</strong></span> <span class='ocrx_word' id='word_1_84' title='bbox 768 1047 830 1113; x_wconf 79' lang='lat' dir='ltr'><strong>illie</strong></span> <span class='ocrx_word' id='word_1_85' title='bbox 849 1070 892 1103; x_wconf 84' lang='lat' dir='ltr'><strong>me</strong></span> <span class='ocrx_word' id='word_1_86' title='bbox 907 1054 1061 1105; x_wconf 72' lang='lat' dir='ltr'><strong>antem-sis</strong></span> <span class='ocrx_word' id='word_1_87' title='bbox 1079 1049 1266 1104; x_wconf 80' lang='lat' dir='ltr'><strong>assimulabam</strong></span> 
     </span>
     <span class='ocr_line' id='line_1_10' title="bbox 257 1131 1266 1213; baseline -0.005 -19"><span class='ocrx_word' id='word_1_88' title='bbox 257 1198 262 1205; x_wconf 64' lang='grc'><em>,</em></span> <span class='ocrx_word' id='word_1_89' title='bbox 290 1139 378 1213; x_wconf 68' lang='lat' dir='ltr'><strong>‚quassi</strong></span> <span class='ocrx_word' id='word_1_90' title='bbox 400 1133 546 1189; x_wconf 74' lang='lat' dir='ltr'><strong>stolidum.</strong></span> <span class='ocrx_word' id='word_1_91' title='bbox 581 1133 653 1203; x_wconf 85' lang='lat' dir='ltr'><strong>Capt.</strong></span> <span class='ocrx_word' id='word_1_92' title='bbox 673 1131 708 1199; x_wconf 81' lang='lat'><strong>8,</strong></span> <span class='ocrx_word' id='word_1_93' title='bbox 733 1131 766 1197; x_wconf 83' lang='lat'><strong>4,</strong></span> <span class='ocrx_word' id='word_1_94' title='bbox 787 1131 846 1187; x_wconf 77' lang='lat'><strong>121.</strong></span> <span class='ocrx_word' id='word_1_95' title='bbox 870 1134 930 1190; x_wconf 82' lang='lat' dir='ltr'><strong>illie</strong></span> <span class='ocrx_word' id='word_1_96' title='bbox 951 1154 1060 1209; x_wconf 76' lang='lat' dir='ltr'><strong>servum</strong></span> <span class='ocrx_word' id='word_1_97' title='bbox 1081 1154 1113 1189; x_wconf 82' lang='lat' dir='ltr'><strong>se</strong></span> <span class='ocrx_word' id='word_1_98' title='bbox 1134 1136 1266 1189; x_wconf 85' lang='lat' dir='ltr'><strong>assimula-</strong></span> 
     </span>
     <span class='ocr_line' id='line_1_11' title="bbox 279 1216 1267 1293; baseline 0 -18"><span class='ocrx_word' id='word_1_99' title='bbox 279 1225 363 1290; x_wconf 57' lang='grc' dir='ltr'><em>Μ,</em></span> <span class='ocrx_word' id='word_1_100' title='bbox 383 1219 427 1275; x_wconf 78' lang='lat' dir='ltr'><strong>tio</strong></span> <span class='ocrx_word' id='word_1_101' title='bbox 442 1235 501 1272; x_wconf 82' lang='lat' dir='ltr'><strong>sere</strong></span> <span class='ocrx_word' id='word_1_102' title='bbox 516 1227 610 1271; x_wconf 79' lang='lat' dir='ltr'><strong>antem</strong></span> <span class='ocrx_word' id='word_1_103' title='bbox 628 1216 761 1273; x_wconf 69' lang='lat' dir='ltr'><strong>liberam.</strong></span> <span class='ocrx_word' id='word_1_104' title='bbox 788 1220 846 1293; x_wconf 81' lang='lat' dir='ltr'><strong>Ges.</strong></span> <span class='ocrx_word' id='word_1_105' title='bbox 863 1219 897 1285; x_wconf 77' lang='grc'><em>2,</em></span> <span class='ocrx_word' id='word_1_106' title='bbox 916 1218 951 1285; x_wconf 77' lang='lat'><strong>4,</strong></span> <span class='ocrx_word' id='word_1_107' title='bbox 968 1219 1012 1273; x_wconf 74' lang='lat'><strong>27.</strong></span> <span class='ocrx_word' id='word_1_108' title='bbox 1030 1221 1056 1273; x_wconf 86' lang='lat' dir='ltr'><strong>si</strong></span> <span class='ocrx_word' id='word_1_109' title='bbox 1075 1237 1138 1273; x_wconf 79' lang='lat' dir='ltr'><strong>non</strong></span> <span class='ocrx_word' id='word_1_110' title='bbox 1156 1222 1267 1292; x_wconf 82' lang='lat' dir='ltr'><strong>impetra·</strong></span> 
     </span>
     <span class='ocr_line' id='line_1_12' title="bbox 294 1302 1268 1375; baseline -0.003 -13"><span class='ocrx_word' id='word_1_111' title='bbox 294 1312 357 1370; x_wconf 79' lang='lat' dir='ltr'><strong>vit,</strong></span> <span class='ocrx_word' id='word_1_112' title='bbox 382 1308 468 1362; x_wconf 82' lang='lat' dir='ltr'><strong>stiam</strong></span> <span class='ocrx_word' id='word_1_113' title='bbox 491 1302 607 1375; x_wconf 80' lang='lat' dir='ltr'><strong>specula</strong></span> <span class='ocrx_word' id='word_1_114' title='bbox 626 1307 656 1358; x_wconf 80' lang='lat' dir='ltr'><strong>in</strong></span> <span class='ocrx_word' id='word_1_115' title='bbox 672 1307 777 1358; x_wconf 82' lang='lat' dir='ltr'><strong>sortitu</strong></span> <span class='ocrx_word' id='word_1_116' title='bbox 795 1316 838 1358; x_wconf 79' lang='lat' dir='ltr'><strong>est</strong></span> <span class='ocrx_word' id='word_1_117' title='bbox 854 1304 942 1360; x_wconf 72' lang='lat' dir='ltr'><strong>nubi.-</strong></span> <span class='ocrx_word' id='word_1_118' title='bbox 961 1307 987 1358; x_wconf 85' lang='lat' dir='ltr'><strong>si</strong></span> <span class='ocrx_word' id='word_1_119' title='bbox 1003 1322 1066 1358; x_wconf 82' lang='lat' dir='ltr'><strong>sors</strong></span> <span class='ocrx_word' id='word_1_120' title='bbox 1087 1315 1187 1358; x_wconf 83' lang='lat' dir='ltr'><strong>autem</strong></span> <span class='ocrx_word' id='word_1_121' title='bbox 1203 1306 1268 1359; x_wconf 78' lang='lat' dir='ltr'><strong>deco·</strong></span> 
     </span>
     <span class='ocr_line' id='line_1_13' title="bbox 297 1385 1269 1464; baseline -0.004 -17"><span class='ocrx_word' id='word_1_122' title='bbox 297 1393 396 1458; x_wconf 66' lang='lat' dir='ltr'><strong>lussit,</strong></span> <span class='ocrx_word' id='word_1_123' title='bbox 415 1388 543 1463; x_wconf 78' lang='lat' dir='ltr'><strong><em>gladium</em></strong></span> <span class='ocrx_word' id='word_1_124' title='bbox 554 1385 668 1458; x_wconf 81' lang='lat' dir='ltr'><strong>facium</strong></span> <span class='ocrx_word' id='word_1_125' title='bbox 688 1388 828 1443; x_wconf 76' lang='lat' dir='ltr'><strong><em>culcitam.</em></strong></span> <span class='ocrx_word' id='word_1_126' title='bbox 863 1391 942 1442; x_wconf 88' lang='lat' dir='ltr'><strong>Truo.</strong></span> <span class='ocrx_word' id='word_1_127' title='bbox 962 1386 996 1455; x_wconf 70' lang='lat'><strong>5„</strong></span> <span class='ocrx_word' id='word_1_128' title='bbox 1017 1391 1171 1461; x_wconf 75' lang='lat' dir='ltr'><strong>rapuero</strong></span> <span class='ocrx_word' id='word_1_129' title='bbox 1190 1391 1269 1464; x_wconf 78' lang='lat' dir='ltr'><strong>opn&#39;rt</strong></span> 
     </span>
    </p>

    <p class='ocr_par' dir='ltr' id='par_1_4' title="bbox 297 1473 1268 1628">
     <span class='ocr_line' id='line_1_14' title="bbox 297 1473 1104 1548; baseline -0.001 -17"><span class='ocrx_word' id='word_1_130' title='bbox 297 1477 406 1542; x_wconf 82' lang='lat' dir='ltr'><strong>cibum,</strong></span> <span class='ocrx_word' id='word_1_131' title='bbox 425 1484 558 1548; x_wconf 72' lang='lat' dir='ltr'><strong>operest</strong></span> <span class='ocrx_word' id='word_1_132' title='bbox 576 1476 660 1527; x_wconf 70' lang='lat' dir='ltr'><strong>ueratri</strong></span> <span class='ocrx_word' id='word_1_133' title='bbox 678 1484 772 1529; x_wconf 78' lang='lat' dir='ltr'><strong>autem</strong></span> <span class='ocrx_word' id='word_1_134' title='bbox 792 1492 863 1546; x_wconf 83' lang='lat' dir='ltr'><strong>quas</strong></span> <span class='ocrx_word' id='word_1_135' title='bbox 879 1493 996 1546; x_wconf 79' lang='lat' dir='ltr'><strong>puerum</strong></span> <span class='ocrx_word' id='word_1_136' title='bbox 1016 1473 1104 1531; x_wconf 80' lang='lat' dir='ltr'><strong>lavit.</strong></span> 
     </span>
     <span class='ocr_line' id='line_1_15' title="bbox 330 1559 1268 1628; baseline 0 -13"><span class='ocrx_word' id='word_1_137' title='bbox 330 1564 436 1615; x_wconf 82' lang='lat' dir='ltr'><strong>Plautus</strong></span> <span class='ocrx_word' id='word_1_138' title='bbox 454 1559 586 1622; x_wconf 81' lang='lat' dir='ltr'><strong>seiunxit,</strong></span> <span class='ocrx_word' id='word_1_139' title='bbox 605 1577 671 1628; x_wconf 84' lang='lat' dir='ltr'><strong>quae</strong></span> <span class='ocrx_word' id='word_1_140' title='bbox 686 1559 765 1628; x_wconf 83' lang='lat' dir='ltr'><strong>vulgo</strong></span> <span class='ocrx_word' id='word_1_141' title='bbox 783 1561 992 1627; x_wconf 86' lang='lat' dir='ltr'><strong>couiunguntur,</strong></span> <span class='ocrx_word' id='word_1_142' title='bbox 1012 1561 1147 1613; x_wconf 83' lang='lat' dir='ltr'><strong>vocabula</strong></span> <span class='ocrx_word' id='word_1_143' title='bbox 1163 1570 1219 1615; x_wconf 83' lang='lat' dir='ltr'><strong>tam</strong></span> <span class='ocrx_word' id='word_1_144' title='bbox 1230 1581 1268 1614; x_wconf 84' lang='lat' dir='ltr'><strong>an·</strong></span> 
     </span>
    </p>

    <p class='ocr_par' dir='ltr' id='par_1_5' title="bbox 298 1643 1010 1711">
     <span class='ocr_line' id='line_1_16' title="bbox 298 1643 1010 1711; baseline -0.007 -10"><span class='ocrx_word' id='word_1_145' title='bbox 298 1657 354 1701; x_wconf 76' lang='lat' dir='ltr'><strong>tens</strong></span> <span class='ocrx_word' id='word_1_146' title='bbox 371 1650 442 1699; x_wconf 87' lang='lat' dir='ltr'><strong>Pers.</strong></span> <span class='ocrx_word' id='word_1_147' title='bbox 459 1644 493 1708; x_wconf 83' lang='lat'><strong>5,</strong></span> <span class='ocrx_word' id='word_1_148' title='bbox 512 1645 546 1709; x_wconf 74' lang='lat'><strong>2,</strong></span> <span class='ocrx_word' id='word_1_149' title='bbox 564 1643 590 1696; x_wconf 85' lang='grc'><strong>8.</strong></span> <span class='ocrx_word' id='word_1_150' title='bbox 610 1645 654 1696; x_wconf 86' lang='lat' dir='ltr'><strong>sin</strong></span> <span class='ocrx_word' id='word_1_151' title='bbox 672 1655 766 1698; x_wconf 81' lang='lat' dir='ltr'><strong>autem</strong></span> <span class='ocrx_word' id='word_1_152' title='bbox 785 1648 843 1697; x_wconf 78' lang='lat' dir='ltr'><strong>(las.</strong></span> <span class='ocrx_word' id='word_1_153' title='bbox 860 1645 893 1710; x_wconf 78' lang='lat'><strong>2,</strong></span> <span class='ocrx_word' id='word_1_154' title='bbox 913 1646 948 1711; x_wconf 82' lang='lat'><strong>4,</strong></span> <span class='ocrx_word' id='word_1_155' title='bbox 965 1644 1010 1698; x_wconf 76' lang='lat'><strong>28.</strong></span> 
     </span>
    </p>
   </div>
   <div class='ocr_carea' id='block_1_3' title="bbox 11 1712 1308 2840">
    <p class='ocr_par' dir='ltr' id='par_1_6' title="bbox 11 1712 1308 2195">
     <span class='ocr_line' id='line_1_17' title="bbox 11 1712 1270 1848; baseline -0.003 -49"><span class='ocrx_word' id='word_1_156' title='bbox 11 1752 127 1848; x_wconf 47' lang='lat' dir='ltr'><strong>pm</strong></span> <span class='ocrx_word' id='word_1_157' title='bbox 147 1736 183 1817; x_wconf 75' lang='grc'><strong>1,</strong></span> <span class='ocrx_word' id='word_1_158' title='bbox 229 1731 425 1801; x_wconf 77' lang='lat' dir='ltr'>Oratoribus</span> <span class='ocrx_word' id='word_1_159' title='bbox 442 1712 530 1793; x_wconf 71' lang='lat' dir='ltr'><strong>nerlii</strong></span> <span class='ocrx_word' id='word_1_160' title='bbox 544 1727 673 1791; x_wconf 83' lang='lat' dir='ltr'><strong>ratione</strong></span> <span class='ocrx_word' id='word_1_161' title='bbox 689 1730 903 1794; x_wconf 85' lang='lat' dir='ltr'><strong>constitutum</strong></span> <span class='ocrx_word' id='word_1_162' title='bbox 921 1739 1001 1810; x_wconf 89' lang='lat' dir='ltr'><strong>erat,</strong></span> <span class='ocrx_word' id='word_1_163' title='bbox 1015 1751 1061 1795; x_wconf 90' lang='lat' dir='ltr'><strong>ne</strong></span> <span class='ocrx_word' id='word_1_164' title='bbox 1076 1730 1192 1795; x_wconf 88' lang='lat' dir='ltr'><strong>sedem</strong></span> <span class='ocrx_word' id='word_1_165' title='bbox 1205 1754 1270 1818; x_wconf 87' lang='lat' dir='ltr'><strong>par-</strong></span> 
     </span>
     <span class='ocr_line' id='line_1_18' title="bbox 11 1806 1308 1902; baseline -0.005 -17"><span class='ocrx_word' id='word_1_166' title='bbox 11 1806 157 1897; x_wconf 54' lang='grc' dir='ltr'><strong>1111ιῆ1»</strong></span> <span class='ocrx_word' id='word_1_167' title='bbox 226 1820 347 1891; x_wconf 82' lang='lat' dir='ltr'><strong>ticulne</strong></span> <span class='ocrx_word' id='word_1_168' title='bbox 360 1817 446 1880; x_wconf 86' lang='lat' dir='ltr'><strong>ultra</strong></span> <span class='ocrx_word' id='word_1_169' title='bbox 464 1814 568 1900; x_wconf 89' lang='lat' dir='ltr'><strong>primi</strong></span> <span class='ocrx_word' id='word_1_170' title='bbox 583 1813 735 1877; x_wconf 76' lang='lat' dir='ltr'>vocabuli</span> <span class='ocrx_word' id='word_1_171' title='bbox 754 1814 1040 1902; x_wconf 61' lang='lat' dir='ltr'><strong>propinquitatem</strong></span> <span class='ocrx_word' id='word_1_172' title='bbox 1052 1827 1269 1882; x_wconf 75' lang='lat' dir='ltr'><strong>removerent.</strong></span> <span class='ocrx_word' id='word_1_173' title='bbox 1306 1830 1308 1837; x_wconf 86' lang='lat'>&#39;</span> 
     </span>
     <span class='ocr_line' id='line_1_19' title="bbox 11 1897 1308 1986; baseline 0.002 -23"><span class='ocrx_word' id='word_1_174' title='bbox 11 1900 200 1974; x_wconf 45' lang='grc' dir='ltr'><strong>ήκω»...</strong></span> <span class='ocrx_word' id='word_1_175' title='bbox 229 1906 341 1985; x_wconf 80' lang='lat' dir='ltr'><strong>Quare</strong></span> <span class='ocrx_word' id='word_1_176' title='bbox 364 1902 391 1964; x_wconf 87' lang='lat' dir='ltr'><strong>si</strong></span> <span class='ocrx_word' id='word_1_177' title='bbox 414 1899 493 1986; x_wconf 93' lang='lat' dir='ltr'><strong>quid</strong></span> <span class='ocrx_word' id='word_1_178' title='bbox 512 1897 590 1962; x_wconf 81' lang='lat' dir='ltr'><strong>huie</strong></span> <span class='ocrx_word' id='word_1_179' title='bbox 614 1898 769 1964; x_wconf 79' lang='lat' dir='ltr'><strong>adhaeret</strong></span> <span class='ocrx_word' id='word_1_180' title='bbox 790 1901 1164 1981; x_wconf 75' lang='lat' dir='ltr'><strong>necessarium,tsimnl</strong></span> <span class='ocrx_word' id='word_1_181' title='bbox 1185 1925 1269 1966; x_wconf 86' lang='lat' dir='ltr'><strong>eorn-</strong></span> <span class='ocrx_word' id='word_1_182' title='bbox 1306 1934 1308 1955; x_wconf 89' lang='lat'><em>=</em></span> 
     </span>
     <span class='ocr_line' id='line_1_20' title="bbox 11 1982 1308 2077; baseline -0.001 -24"><span class='ocrx_word' id='word_1_183' title='bbox 11 1982 89 2042; x_wconf 52' lang='grc' dir='ltr'><em>Μ</em></span> <span class='ocrx_word' id='word_1_184' title='bbox 129 2030 132 2037; x_wconf 91' lang='grc'>-</span> <span class='ocrx_word' id='word_1_185' title='bbox 226 1988 447 2077; x_wconf 83' lang='lat' dir='ltr'><strong>prehenditur</strong></span> <span class='ocrx_word' id='word_1_186' title='bbox 462 1984 575 2048; x_wconf 87' lang='lat' dir='ltr'><strong>eadem</strong></span> <span class='ocrx_word' id='word_1_187' title='bbox 591 1984 748 2066; x_wconf 88' lang='lat' dir='ltr'><strong>notione,</strong></span> <span class='ocrx_word' id='word_1_188' title='bbox 770 2007 832 2050; x_wconf 85' lang='lat' dir='ltr'><strong>nee</strong></span> <span class='ocrx_word' id='word_1_189' title='bbox 850 1986 998 2073; x_wconf 88' lang='lat' dir='ltr'><strong>regulam</strong></span> <span class='ocrx_word' id='word_1_190' title='bbox 1020 1988 1156 2067; x_wconf 75' lang='lat' dir='ltr'><strong>expedit</strong></span> <span class='ocrx_word' id='word_1_191' title='bbox 1176 1989 1269 2074; x_wconf 88' lang='lat' dir='ltr'><strong>parti·</strong></span> <span class='ocrx_word' id='word_1_192' title='bbox 1306 1982 1308 2041; x_wconf 73' lang='grc' dir='ltr'>ἶ</span> 
     </span>
     <span class='ocr_line' id='line_1_21' title="bbox 11 2060 1308 2195; baseline 0 -62"><span class='ocrx_word' id='word_1_193' title='bbox 11 2060 80 2169; x_wconf 60' lang='lat' dir='ltr'><strong>uqi</strong></span> <span class='ocrx_word' id='word_1_194' title='bbox 120 2065 125 2073; x_wconf 72' lang='grc'>’</span> <span class='ocrx_word' id='word_1_195' title='bbox 147 2090 205 2195; x_wconf 58' lang='lat' dir='ltr'><strong>pqr</strong></span> <span class='ocrx_word' id='word_1_196' title='bbox 229 2074 321 2148; x_wconf 74' lang='lat' dir='ltr'><strong>ceila,</strong></span> <span class='ocrx_word' id='word_1_197' title='bbox 347 2093 429 2160; x_wconf 87' lang='lat' dir='ltr'><strong>qnae</strong></span> <span class='ocrx_word' id='word_1_198' title='bbox 443 2080 522 2157; x_wconf 89' lang='lat' dir='ltr'><strong>post</strong></span> <span class='ocrx_word' id='word_1_199' title='bbox 543 2067 726 2133; x_wconf 88' lang='lat' dir='ltr'><strong>secundum</strong></span> <span class='ocrx_word' id='word_1_200' title='bbox 741 2080 797 2133; x_wconf 85' lang='lat' dir='ltr'><strong>ant</strong></span> <span class='ocrx_word' id='word_1_201' title='bbox 811 2072 948 2136; x_wconf 85' lang='lat' dir='ltr'><strong>tertium</strong></span> <span class='ocrx_word' id='word_1_202' title='bbox 966 2072 1172 2137; x_wconf 87' lang='lat' dir='ltr'><strong>vocabulum</strong></span> <span class='ocrx_word' id='word_1_203' title='bbox 1185 2075 1268 2137; x_wconf 87' lang='lat' dir='ltr'><strong>nnius</strong></span> <span class='ocrx_word' id='word_1_204' title='bbox 1306 2122 1308 2133; x_wconf 93' lang='lat'><strong>.</strong></span> 
     </span>
    </p>

    <p class='ocr_par' dir='ltr' id='par_1_7' title="bbox 228 2155 1266 2247">
     <span class='ocr_line' id='line_1_22' title="bbox 228 2155 1266 2247; baseline -0.001 -24"><span class='ocrx_word' id='word_1_205' title='bbox 228 2159 365 2247; x_wconf 90' lang='lat' dir='ltr'><strong>quidem</strong></span> <span class='ocrx_word' id='word_1_206' title='bbox 387 2156 534 2221; x_wconf 89' lang='lat' dir='ltr'><strong>notionis</strong></span> <span class='ocrx_word' id='word_1_207' title='bbox 562 2155 709 2241; x_wconf 90' lang='lat' dir='ltr'><strong>ponitur.</strong></span> <span class='ocrx_word' id='word_1_208' title='bbox 750 2155 817 2237; x_wconf 86' lang='lat' dir='ltr'><strong>Ita,</strong></span> <span class='ocrx_word' id='word_1_209' title='bbox 844 2157 935 2243; x_wconf 91' lang='lat' dir='ltr'><strong>qnod</strong></span> <span class='ocrx_word' id='word_1_210' title='bbox 957 2157 1070 2227; x_wconf 84' lang='lat' dir='ltr'><strong>mirati</strong></span> <span class='ocrx_word' id='word_1_211' title='bbox 1093 2170 1175 2223; x_wconf 85' lang='lat' dir='ltr'><strong>sunt</strong></span> <span class='ocrx_word' id='word_1_212' title='bbox 1197 2159 1266 2223; x_wconf 89' lang='lat' dir='ltr'><strong>adeo</strong></span> 
     </span>
    </p>

    <p class='ocr_par' dir='ltr' id='par_1_8' title="bbox 227 2241 1267 2330">
     <span class='ocr_line' id='line_1_23' title="bbox 227 2241 1267 2330; baseline 0 -22"><span class='ocrx_word' id='word_1_213' title='bbox 227 2243 434 2330; x_wconf 80' lang='lat' dir='ltr'><strong>grammatici</strong></span> <span class='ocrx_word' id='word_1_214' title='bbox 455 2241 627 2321; x_wconf 79' lang='lat' dir='ltr'><strong>nonnulli,</strong></span> <span class='ocrx_word' id='word_1_215' title='bbox 650 2242 854 2326; x_wconf 85' lang='lat' dir='ltr'><strong>praepositio</strong></span> <span class='ocrx_word' id='word_1_216' title='bbox 879 2242 1016 2317; x_wconf 89' lang='lat' dir='ltr'><strong>nomini-</strong></span> <span class='ocrx_word' id='word_1_217' title='bbox 1038 2242 1216 2325; x_wconf 86' lang='lat' dir='ltr'><strong>adhaeret,</strong></span> <span class='ocrx_word' id='word_1_218' title='bbox 1242 2253 1267 2308; x_wconf 91' lang='lat' dir='ltr'><strong>et</strong></span> 
     </span>
    </p>

    <p class='ocr_par' dir='ltr' id='par_1_9' title="bbox 226 2326 1267 2416">
     <span class='ocr_line' id='line_1_24' title="bbox 226 2326 1267 2416; baseline 0 -23"><span class='ocrx_word' id='word_1_219' title='bbox 226 2330 371 2416; x_wconf 84' lang='lat' dir='ltr'><strong>negatio,</strong></span> <span class='ocrx_word' id='word_1_220' title='bbox 388 2338 419 2391; x_wconf 89' lang='lat' dir='ltr'><strong>et</strong></span> <span class='ocrx_word' id='word_1_221' title='bbox 435 2326 570 2391; x_wconf 84' lang='lat' dir='ltr'><strong>verbum</strong></span> <span class='ocrx_word' id='word_1_222' title='bbox 587 2326 741 2390; x_wconf 81' lang='lat' dir='ltr'><strong>auxiliare</strong></span> <span class='ocrx_word' id='word_1_223' title='bbox 756 2349 836 2392; x_wconf 85' lang='lat' dir='ltr'><strong>esse.</strong></span> <span class='ocrx_word' id='word_1_224' title='bbox 869 2330 976 2413; x_wconf 88' lang='lat' dir='ltr'><strong>Atque</strong></span> <span class='ocrx_word' id='word_1_225' title='bbox 993 2327 1077 2391; x_wconf 91' lang='lat' dir='ltr'><strong>illud</strong></span> <span class='ocrx_word' id='word_1_226' title='bbox 1097 2330 1267 2409; x_wconf 85' lang='lat' dir='ltr'><strong>decretum,</strong></span> 
     </span>
    </p>

    <p class='ocr_par' dir='ltr' id='par_1_10' title="bbox 228 2409 1268 2501">
     <span class='ocr_line' id='line_1_25' title="bbox 228 2409 1268 2501; baseline 0 -24"><span class='ocrx_word' id='word_1_227' title='bbox 228 2415 322 2500; x_wconf 89' lang='lat' dir='ltr'><strong>qnod</strong></span> <span class='ocrx_word' id='word_1_228' title='bbox 340 2410 536 2475; x_wconf 86' lang='lat' dir='ltr'><strong>Sohaeferus</strong></span> <span class='ocrx_word' id='word_1_229' title='bbox 558 2409 599 2473; x_wconf 89' lang='lat' dir='ltr'><strong>ad</strong></span> <span class='ocrx_word' id='word_1_230' title='bbox 620 2410 704 2474; x_wconf 90' lang='lat' dir='ltr'><strong>Plin.</strong></span> <span class='ocrx_word' id='word_1_231' title='bbox 722 2409 828 2490; x_wconf 87' lang='lat' dir='ltr'><strong>Epist.</strong></span> <span class='ocrx_word' id='word_1_232' title='bbox 854 2413 888 2476; x_wconf 89' lang='lat' dir='ltr'><strong>in</strong></span> <span class='ocrx_word' id='word_1_233' title='bbox 903 2411 1046 2478; x_wconf 85' lang='lat' dir='ltr'><strong>Praefat.</strong></span> <span class='ocrx_word' id='word_1_234' title='bbox 1067 2437 1107 2501; x_wconf 85' lang='lat' dir='ltr'><strong>p.</strong></span> <span class='ocrx_word' id='word_1_235' title='bbox 1127 2422 1180 2479; x_wconf 91' lang='grc'><strong>11.</strong></span> <span class='ocrx_word' id='word_1_236' title='bbox 1195 2437 1268 2501; x_wconf 66' lang='grc' dir='ltr'><strong>Ρτο-Ι</strong></span> 
     </span>
    </p>

    <p class='ocr_par' dir='ltr' id='par_1_11' title="bbox 225 2493 1265 2585">
     <span class='ocr_line' id='line_1_26' title="bbox 225 2493 1265 2585; baseline 0.001 -24"><span class='ocrx_word' id='word_1_237' title='bbox 225 2498 357 2585; x_wconf 88' lang='lat' dir='ltr'><strong>posuit,</strong></span> <span class='ocrx_word' id='word_1_238' title='bbox 379 2493 477 2559; x_wconf 87' lang='lat' dir='ltr'><strong>multi</strong></span> <span class='ocrx_word' id='word_1_239' title='bbox 500 2496 555 2561; x_wconf 82' lang='lat' dir='ltr'><strong>alii</strong></span> <span class='ocrx_word' id='word_1_240' title='bbox 578 2494 820 2582; x_wconf 86' lang='lat' dir='ltr'><strong>probaverunt,</strong></span> <span class='ocrx_word' id='word_1_241' title='bbox 841 2500 874 2560; x_wconf 87' lang='lat' dir='ltr'><strong>in</strong></span> <span class='ocrx_word' id='word_1_242' title='bbox 897 2495 1054 2565; x_wconf 80' lang='lat' dir='ltr'><strong>formulis</strong></span> <span class='ocrx_word' id='word_1_243' title='bbox 1076 2511 1265 2579; x_wconf 73' lang='lat' dir='ltr'><strong>errantem,</strong></span> 
     </span>
    </p>

    <p class='ocr_par' dir='ltr' id='par_1_12' title="bbox 188 2580 1266 2669">
     <span class='ocr_line' id='line_1_27' title="bbox 188 2580 1266 2669; baseline -0.001 -21"><span class='ocrx_word' id='word_1_244' title='bbox 188 2608 191 2613; x_wconf 92' lang='lat'>·</span> <span class='ocrx_word' id='word_1_245' title='bbox 224 2594 277 2648; x_wconf 82' lang='lat' dir='ltr'><strong>est</strong></span> <span class='ocrx_word' id='word_1_246' title='bbox 307 2582 399 2646; x_wconf 82' lang='lat' dir='ltr'><strong>enim</strong></span> <span class='ocrx_word' id='word_1_247' title='bbox 427 2580 609 2645; x_wconf 87' lang='lat' dir='ltr'><strong>secundnm</strong></span> <span class='ocrx_word' id='word_1_248' title='bbox 642 2581 793 2645; x_wconf 89' lang='lat' dir='ltr'><strong>omnium</strong></span> <span class='ocrx_word' id='word_1_249' title='bbox 823 2583 1025 2669; x_wconf 84' lang='lat' dir='ltr'><strong>scriptorum</strong></span> <span class='ocrx_word' id='word_1_250' title='bbox 1059 2607 1266 2649; x_wconf 84' lang='lat' dir='ltr'><strong>communem</strong></span> 
     </span>
    </p>

    <p class='ocr_par' dir='ltr' id='par_1_13' title="bbox 207 2666 1266 2756">
     <span class='ocr_line' id='line_1_28' title="bbox 207 2666 1266 2756; baseline -0.001 -23"><span class='ocrx_word' id='word_1_251' title='bbox 207 2666 501 2733; x_wconf 80' lang='lat' dir='ltr'><strong>&#39;consuetudinem</strong></span> <span class='ocrx_word' id='word_1_252' title='bbox 529 2667 725 2755; x_wconf 80' lang='lat' dir='ltr'><strong>particulam</strong></span> <span class='ocrx_word' id='word_1_253' title='bbox 748 2667 847 2732; x_wconf 85' lang='lat' dir='ltr'><strong>tertio</strong></span> <span class='ocrx_word' id='word_1_254' title='bbox 870 2668 946 2733; x_wconf 87' lang='lat' dir='ltr'><strong>loeo</strong></span> <span class='ocrx_word' id='word_1_255' title='bbox 970 2671 1169 2756; x_wconf 89' lang='lat' dir='ltr'><strong>ponendam</strong></span> <span class='ocrx_word' id='word_1_256' title='bbox 1198 2692 1266 2751; x_wconf 90' lang='lat' dir='ltr'><strong>esse,</strong></span> 
     </span>
    </p>

    <p class='ocr_par' dir='ltr' id='par_1_14' title="bbox 226 2752 1264 2840">
     <span class='ocr_line' id='line_1_29' title="bbox 226 2752 1264 2840; baseline 0 -22"><span class='ocrx_word' id='word_1_257' title='bbox 226 2773 348 2839; x_wconf 85' lang='lat' dir='ltr'><strong>eosque</strong></span> <span class='ocrx_word' id='word_1_258' title='bbox 363 2753 458 2817; x_wconf 88' lang='lat' dir='ltr'><strong>locos</strong></span> <span class='ocrx_word' id='word_1_259' title='bbox 474 2753 595 2839; x_wconf 84' lang='lat' dir='ltr'><strong>corrigi</strong></span> <span class='ocrx_word' id='word_1_260' title='bbox 613 2752 732 2816; x_wconf 88' lang='lat' dir='ltr'><strong>debere</strong></span> <span class='ocrx_word' id='word_1_261' title='bbox 751 2775 884 2830; x_wconf 90' lang='lat' dir='ltr'><strong>omnes,</strong></span> <span class='ocrx_word' id='word_1_262' title='bbox 906 2755 942 2817; x_wconf 90' lang='lat' dir='ltr'><strong>in</strong></span> <span class='ocrx_word' id='word_1_263' title='bbox 966 2755 1088 2840; x_wconf 87' lang='lat' dir='ltr'><strong>quibus</strong></span> <span class='ocrx_word' id='word_1_264' title='bbox 1116 2778 1154 2820; x_wconf 85' lang='lat' dir='ltr'><strong>ea</strong></span> <span class='ocrx_word' id='word_1_265' title='bbox 1176 2755 1264 2821; x_wconf 82' lang='lat' dir='ltr'><strong>verbo</strong></span> 
     </span>
    </p>
   </div>
   <div class='ocr_carea' id='block_1_4' title="bbox 1303 592 1315 1923">
    <p class='ocr_par' dir='ltr' id='par_1_15' title="bbox 1303 592 1315 1923">
     <span class='ocr_line' id='line_1_30' title="bbox 1303 592 1315 1923; baseline 0 0"><span class='ocrx_word' id='word_1_266' title='bbox 1303 592 1315 1923; x_wconf 95' lang='lat' dir='ltr'><strong> </strong></span> 
     </span>
    </p>
   </div>
   <div class='ocr_carea' id='block_1_5' title="bbox 224 2836 1265 2985">
    <p class='ocr_par' dir='ltr' id='par_1_16' title="bbox 224 2836 1265 2985">
     <span class='ocr_line' id='line_1_31' title="bbox 224 2836 1265 2985; baseline 0 -82"><span class='ocrx_word' id='word_1_267' title='bbox 224 2838 429 2903; x_wconf 83' lang='lat' dir='ltr'><strong>substantivo</strong></span> <span class='ocrx_word' id='word_1_268' title='bbox 452 2836 643 2985; x_wconf 83' lang='lat' dir='ltr'><strong>praeposita</strong></span> <span class='ocrx_word' id='word_1_269' title='bbox 668 2839 870 2926; x_wconf 85' lang='lat' dir='ltr'><strong>reperiatur,</strong></span> <span class='ocrx_word' id='word_1_270' title='bbox 896 2838 931 2903; x_wconf 91' lang='lat' dir='ltr'><strong>id</strong></span> <span class='ocrx_word' id='word_1_271' title='bbox 953 2841 1024 2926; x_wconf 87' lang='lat' dir='ltr'><strong>ipsa</strong></span> <span class='ocrx_word' id='word_1_272' title='bbox 1048 2842 1184 2906; x_wconf 84' lang='lat' dir='ltr'><strong>ratione</strong></span> <span class='ocrx_word' id='word_1_273' title='bbox 1205 2863 1265 2919; x_wconf 84' lang='lat' dir='ltr'><strong>sna,</strong></span> 
     </span>
    </p>
   </div>
   <div class='ocr_carea' id='block_1_6' title="bbox 211 2922 1308 4122">
    <p class='ocr_par' dir='ltr' id='par_1_17' title="bbox 211 2922 1308 4122">
     <span class='ocr_line' id='line_1_32' title="bbox 222 2922 1264 3012; baseline 0.002 -26"><span class='ocrx_word' id='word_1_274' title='bbox 222 2944 296 2988; x_wconf 92' lang='lat' dir='ltr'><strong>non</strong></span> <span class='ocrx_word' id='word_1_275' title='bbox 312 2947 330 2988; x_wconf 85' lang='lat' dir='ltr'><strong>a</strong></span> <span class='ocrx_word' id='word_1_276' title='bbox 347 2922 450 2987; x_wconf 83' lang='lat' dir='ltr'><strong>Sshae</strong></span> <span class='ocrx_word' id='word_1_277' title='bbox 466 2944 521 2986; x_wconf 88' lang='lat' dir='ltr'><strong>ero</strong></span> <span class='ocrx_word' id='word_1_278' title='bbox 545 2922 712 3009; x_wconf 88' lang='lat' dir='ltr'><strong>exposita,</strong></span> <span class='ocrx_word' id='word_1_279' title='bbox 734 2922 937 3009; x_wconf 81' lang='lat' dir='ltr'><strong>aliquantum</strong></span> <span class='ocrx_word' id='word_1_280' title='bbox 950 2925 1176 3012; x_wconf 84' lang='lat' dir='ltr'><strong>restringitur.</strong></span> <span class='ocrx_word' id='word_1_281' title='bbox 1209 2926 1264 2990; x_wconf 83' lang='lat' dir='ltr'><strong>Vbi</strong></span> 
     </span>
     <span class='ocr_line' id='line_1_33' title="bbox 224 3008 1264 3078; baseline 0.002 -5"><span class='ocrx_word' id='word_1_282' title='bbox 224 3009 314 3073; x_wconf 86' lang='lat' dir='ltr'><strong>enim</strong></span> <span class='ocrx_word' id='word_1_283' title='bbox 331 3008 467 3073; x_wconf 89' lang='lat' dir='ltr'><strong>verbum</strong></span> <span class='ocrx_word' id='word_1_284' title='bbox 484 3031 555 3072; x_wconf 87' lang='lat' dir='ltr'><strong>esse</strong></span> <span class='ocrx_word' id='word_1_285' title='bbox 579 3018 634 3072; x_wconf 87' lang='lat' dir='ltr'><strong>aut</strong></span> <span class='ocrx_word' id='word_1_286' title='bbox 656 3029 733 3072; x_wconf 88' lang='lat' dir='ltr'><strong>cnm</strong></span> <span class='ocrx_word' id='word_1_287' title='bbox 759 3008 918 3074; x_wconf 86' lang='lat' dir='ltr'><strong>adiectivo</strong></span> <span class='ocrx_word' id='word_1_288' title='bbox 944 3021 1000 3073; x_wconf 90' lang='lat' dir='ltr'><strong>ant</strong></span> <span class='ocrx_word' id='word_1_289' title='bbox 1023 3033 1104 3077; x_wconf 89' lang='lat' dir='ltr'><strong>cnm</strong></span> <span class='ocrx_word' id='word_1_290' title='bbox 1128 3013 1193 3078; x_wconf 82' lang='lat' dir='ltr'><strong>alio</strong></span> <span class='ocrx_word' id='word_1_291' title='bbox 1212 3034 1264 3076; x_wconf 80' lang='lat' dir='ltr'><strong>vo-</strong></span> 
     </span>
     <span class='ocr_line' id='line_1_34' title="bbox 223 3092 1263 3184; baseline 0.001 -26"><span class='ocrx_word' id='word_1_292' title='bbox 223 3092 342 3159; x_wconf 85' lang='lat' dir='ltr'><strong>cabulo</strong></span> <span class='ocrx_word' id='word_1_293' title='bbox 360 3095 396 3165; x_wconf 87' lang='lat' dir='ltr'><strong>in</strong></span> <span class='ocrx_word' id='word_1_294' title='bbox 413 3116 513 3158; x_wconf 86' lang='lat' dir='ltr'><strong>unam</strong></span> <span class='ocrx_word' id='word_1_295' title='bbox 528 3095 704 3157; x_wconf 88' lang='lat' dir='ltr'><strong>notionem</strong></span> <span class='ocrx_word' id='word_1_296' title='bbox 729 3094 814 3173; x_wconf 86' lang='lat' dir='ltr'><strong>coit,</strong></span> <span class='ocrx_word' id='word_1_297' title='bbox 844 3097 958 3159; x_wconf 85' lang='lat' dir='ltr'><strong>tertius</strong></span> <span class='ocrx_word' id='word_1_298' title='bbox 971 3095 1065 3160; x_wconf 87' lang='lat' dir='ltr'><strong>locus</strong></span> <span class='ocrx_word' id='word_1_299' title='bbox 1084 3109 1119 3162; x_wconf 87' lang='lat' dir='ltr'><strong>et</strong></span> <span class='ocrx_word' id='word_1_300' title='bbox 1141 3107 1263 3184; x_wconf 80' lang='lat' dir='ltr'><strong>quartus</strong></span> 
     </span>
     <span class='ocr_line' id='line_1_35' title="bbox 248 3178 1264 3247; baseline 0.006 -6"><span class='ocrx_word' id='word_1_301' title='bbox 248 3200 287 3242; x_wconf 92' lang='lat' dir='ltr'><strong>ro</strong></span> <span class='ocrx_word' id='word_1_302' title='bbox 311 3179 455 3243; x_wconf 85' lang='lat' dir='ltr'><strong>seeundo</strong></span> <span class='ocrx_word' id='word_1_303' title='bbox 480 3189 709 3242; x_wconf 83' lang='lat' dir='ltr'><strong>numerantur.</strong></span> <span class='ocrx_word' id='word_1_304' title='bbox 766 3178 809 3242; x_wconf 88' lang='lat' dir='ltr'><strong>Et</strong></span> <span class='ocrx_word' id='word_1_305' title='bbox 833 3180 1036 3245; x_wconf 84' lang='lat' dir='ltr'><strong>Goerenzius</strong></span> <span class='ocrx_word' id='word_1_306' title='bbox 1058 3182 1104 3246; x_wconf 82' lang='lat' dir='ltr'><strong>ad</strong></span> <span class='ocrx_word' id='word_1_307' title='bbox 1139 3185 1208 3247; x_wconf 86' lang='lat' dir='ltr'><strong>Cio.</strong></span> <span class='ocrx_word' id='word_1_308' title='bbox 1231 3182 1264 3247; x_wconf 91' lang='lat' dir='ltr'><strong>de</strong></span> 
     </span>
     <span class='ocr_line' id='line_1_36' title="bbox 220 3199 1265 3352; baseline 0.002 -23"><span class='ocrx_word' id='word_1_309' title='bbox 220 3199 293 3329; x_wconf 73' lang='lat' dir='ltr'><strong>lin.</strong></span> <span class='ocrx_word' id='word_1_310' title='bbox 310 3269 349 3340; x_wconf 77' lang='lat'><strong>2,</strong></span> <span class='ocrx_word' id='word_1_311' title='bbox 369 3269 407 3344; x_wconf 85' lang='lat'><strong>7,</strong></span> <span class='ocrx_word' id='word_1_312' title='bbox 425 3269 477 3328; x_wconf 81' lang='lat'><strong>21.</strong></span> <span class='ocrx_word' id='word_1_313' title='bbox 499 3287 534 3351; x_wconf 89' lang='lat' dir='ltr'><strong>p.</strong></span> <span class='ocrx_word' id='word_1_314' title='bbox 556 3266 627 3329; x_wconf 82' lang='lat'><strong>148.</strong></span> <span class='ocrx_word' id='word_1_315' title='bbox 649 3263 855 3329; x_wconf 83' lang='lat' dir='ltr'><strong>asseverandi</strong></span> <span class='ocrx_word' id='word_1_316' title='bbox 871 3265 958 3345; x_wconf 89' lang='lat' dir='ltr'><strong>vim,</strong></span> <span class='ocrx_word' id='word_1_317' title='bbox 983 3268 1118 3352; x_wconf 89' lang='lat' dir='ltr'><strong>quaein</strong></span> <span class='ocrx_word' id='word_1_318' title='bbox 1134 3267 1186 3332; x_wconf 94' lang='lat' dir='ltr'><strong>his</strong></span> <span class='ocrx_word' id='word_1_319' title='bbox 1202 3267 1265 3332; x_wconf 87' lang='lat' dir='ltr'><strong>for-</strong></span> 
     </span>
     <span class='ocr_line' id='line_1_37' title="bbox 219 3349 1308 3440; baseline 0.006 -29"><span class='ocrx_word' id='word_1_320' title='bbox 219 3349 319 3412; x_wconf 87' lang='lat' dir='ltr'><strong>mulis</strong></span> <span class='ocrx_word' id='word_1_321' title='bbox 336 3358 510 3435; x_wconf 86' lang='lat' dir='ltr'><strong>appareat,</strong></span> <span class='ocrx_word' id='word_1_322' title='bbox 534 3360 690 3413; x_wconf 89' lang='lat' dir='ltr'><strong>nontam</strong></span> <span class='ocrx_word' id='word_1_323' title='bbox 707 3370 749 3413; x_wconf 85' lang='lat' dir='ltr'><strong>ex</strong></span> <span class='ocrx_word' id='word_1_324' title='bbox 768 3349 841 3435; x_wconf 88' lang='lat' dir='ltr'><strong>ipsa</strong></span> <span class='ocrx_word' id='word_1_325' title='bbox 864 3352 1023 3436; x_wconf 83' lang='lat' dir='ltr'><strong>particula</strong></span> <span class='ocrx_word' id='word_1_326' title='bbox 1047 3351 1197 3440; x_wconf 87' lang='lat' dir='ltr'><strong>pendere</strong></span> <span class='ocrx_word' id='word_1_327' title='bbox 1220 3354 1264 3417; x_wconf 91' lang='lat' dir='ltr'><strong>di·</strong></span> <span class='ocrx_word' id='word_1_328' title='bbox 1306 3380 1308 3389; x_wconf 93' lang='grc'><strong><em>·</em></strong></span> 
     </span>
     <span class='ocr_line' id='line_1_38' title="bbox 221 3435 1265 3525; baseline 0.006 -29"><span class='ocrx_word' id='word_1_329' title='bbox 221 3435 284 3510; x_wconf 85' lang='lat' dir='ltr'><strong>eit,</strong></span> <span class='ocrx_word' id='word_1_330' title='bbox 321 3454 422 3519; x_wconf 83' lang='lat' dir='ltr'><strong>quam</strong></span> <span class='ocrx_word' id='word_1_331' title='bbox 451 3435 542 3521; x_wconf 88' lang='lat' dir='ltr'><strong>qnod</strong></span> <span class='ocrx_word' id='word_1_332' title='bbox 574 3435 711 3509; x_wconf 83' lang='lat' dir='ltr'><strong>verbnm</strong></span> <span class='ocrx_word' id='word_1_333' title='bbox 736 3435 977 3500; x_wconf 83' lang='lat' dir='ltr'><strong>substantivum</strong></span> <span class='ocrx_word' id='word_1_334' title='bbox 1007 3458 1085 3505; x_wconf 83' lang='lat' dir='ltr'><strong>cnm</strong></span> <span class='ocrx_word' id='word_1_335' title='bbox 1120 3439 1265 3525; x_wconf 85' lang='lat' dir='ltr'><strong>pondere</strong></span> 
     </span>
     <span class='ocr_line' id='line_1_39' title="bbox 218 3519 1264 3605; baseline 0.007 -24"><span class='ocrx_word' id='word_1_336' title='bbox 218 3521 462 3605; x_wconf 82' lang='lat' dir='ltr'><strong>praemittatur.</strong></span> <span class='ocrx_word' id='word_1_337' title='bbox 505 3519 611 3605; x_wconf 90' lang='lat' dir='ltr'><strong>Eique</strong></span> <span class='ocrx_word' id='word_1_338' title='bbox 634 3522 809 3584; x_wconf 86' lang='lat' dir='ltr'><strong>assentitur</strong></span> <span class='ocrx_word' id='word_1_339' title='bbox 829 3519 961 3593; x_wconf 85' lang='lat' dir='ltr'><strong>Beierns</strong></span> <span class='ocrx_word' id='word_1_340' title='bbox 986 3523 1028 3586; x_wconf 87' lang='lat' dir='ltr'><strong>ad</strong></span> <span class='ocrx_word' id='word_1_341' title='bbox 1049 3522 1119 3587; x_wconf 79' lang='lat' dir='ltr'><strong>(tic.</strong></span> <span class='ocrx_word' id='word_1_342' title='bbox 1143 3524 1187 3588; x_wconf 92' lang='lat' dir='ltr'><strong>de</strong></span> <span class='ocrx_word' id='word_1_343' title='bbox 1203 3523 1264 3589; x_wconf 81' lang='lat' dir='ltr'><strong>Off.</strong></span> 
     </span>
     <span class='ocr_line' id='line_1_40' title="bbox 220 3605 1265 3691; baseline 0.006 -24"><span class='ocrx_word' id='word_1_344' title='bbox 220 3609 258 3684; x_wconf 88' lang='lat'><strong>1,</strong></span> <span class='ocrx_word' id='word_1_345' title='bbox 280 3608 333 3668; x_wconf 83' lang='lat'><strong>36.</strong></span> <span class='ocrx_word' id='word_1_346' title='bbox 349 3627 384 3690; x_wconf 90' lang='lat' dir='ltr'><strong>p.</strong></span> <span class='ocrx_word' id='word_1_347' title='bbox 402 3609 477 3670; x_wconf 80' lang='lat'><strong>269.</strong></span> <span class='ocrx_word' id='word_1_348' title='bbox 495 3616 528 3670; x_wconf 90' lang='lat' dir='ltr'><strong>et</strong></span> <span class='ocrx_word' id='word_1_349' title='bbox 542 3615 630 3668; x_wconf 87' lang='lat' dir='ltr'><strong>recte</strong></span> <span class='ocrx_word' id='word_1_350' title='bbox 653 3605 803 3691; x_wconf 89' lang='lat' dir='ltr'><strong>quidem:</strong></span> <span class='ocrx_word' id='word_1_351' title='bbox 826 3605 952 3691; x_wconf 86' lang='lat' dir='ltr'><strong>repleta</strong></span> <span class='ocrx_word' id='word_1_352' title='bbox 974 3607 1064 3671; x_wconf 85' lang='lat' dir='ltr'><strong>enim</strong></span> <span class='ocrx_word' id='word_1_353' title='bbox 1090 3608 1185 3673; x_wconf 87' lang='lat' dir='ltr'><strong>verbi</strong></span> <span class='ocrx_word' id='word_1_354' title='bbox 1207 3633 1265 3673; x_wconf 90' lang='lat' dir='ltr'><strong>no·</strong></span> 
     </span>
     <span class='ocr_line' id='line_1_41' title="bbox 216 3689 1266 3778; baseline 0.007 -27"><span class='ocrx_word' id='word_1_355' title='bbox 216 3689 310 3753; x_wconf 81' lang='lat' dir='ltr'><strong>tione</strong></span> <span class='ocrx_word' id='word_1_356' title='bbox 329 3711 366 3754; x_wconf 85' lang='lat' dir='ltr'><strong>ae</strong></span> <span class='ocrx_word' id='word_1_357' title='bbox 383 3689 493 3754; x_wconf 85' lang='lat' dir='ltr'><strong>forms</strong></span> <span class='ocrx_word' id='word_1_358' title='bbox 510 3701 646 3776; x_wconf 85' lang='lat' dir='ltr'><strong>augetur</strong></span> <span class='ocrx_word' id='word_1_359' title='bbox 663 3691 708 3753; x_wconf 89' lang='lat' dir='ltr'><strong>vis</strong></span> <span class='ocrx_word' id='word_1_360' title='bbox 725 3690 804 3753; x_wconf 89' lang='lat' dir='ltr'><strong>eius.</strong></span> <span class='ocrx_word' id='word_1_361' title='bbox 826 3691 937 3771; x_wconf 87' lang='lat' dir='ltr'><strong>Quare</strong></span> <span class='ocrx_word' id='word_1_362' title='bbox 951 3690 1179 3778; x_wconf 82' lang='lat' dir='ltr'><strong>distinguendi</strong></span> <span class='ocrx_word' id='word_1_363' title='bbox 1195 3705 1266 3760; x_wconf 87' lang='lat' dir='ltr'><strong>sunt</strong></span> 
     </span>
     <span class='ocr_line' id='line_1_42' title="bbox 215 3772 1265 3867; baseline 0.007 -29"><span class='ocrx_word' id='word_1_364' title='bbox 215 3772 339 3849; x_wconf 77' lang='lat' dir='ltr'><strong>iilosi,</strong></span> <span class='ocrx_word' id='word_1_365' title='bbox 363 3775 532 3860; x_wconf 89' lang='lat' dir='ltr'><strong>inquibus</strong></span> <span class='ocrx_word' id='word_1_366' title='bbox 549 3798 619 3839; x_wconf 81' lang='lat' dir='ltr'><strong>esse</strong></span> <span class='ocrx_word' id='word_1_367' title='bbox 637 3773 797 3860; x_wconf 82' lang='lat' dir='ltr'><strong>signifieat</strong></span> <span class='ocrx_word' id='word_1_368' title='bbox 820 3799 894 3840; x_wconf 78' lang='lat' dir='ltr'><strong>vere</strong></span> <span class='ocrx_word' id='word_1_369' title='bbox 915 3798 1004 3858; x_wconf 83' lang='lat' dir='ltr'><strong>esse,</strong></span> <span class='ocrx_word' id='word_1_370' title='bbox 1032 3791 1191 3844; x_wconf 81' lang='lat' dir='ltr'><strong>exstare.-</strong></span> <span class='ocrx_word' id='word_1_371' title='bbox 1215 3782 1265 3867; x_wconf 87' lang='lat' dir='ltr'><strong>qui</strong></span> 
     </span>
     <span class='ocr_line' id='line_1_43' title="bbox 214 3859 1265 3952; baseline 0.004 -27"><span class='ocrx_word' id='word_1_372' title='bbox 214 3877 333 3925; x_wconf 82' lang='lat' dir='ltr'><strong>vereor</strong></span> <span class='ocrx_word' id='word_1_373' title='bbox 355 3868 393 3922; x_wconf 86' lang='lat' dir='ltr'><strong>ut</strong></span> <span class='ocrx_word' id='word_1_374' title='bbox 412 3859 509 3923; x_wconf 86' lang='lat' dir='ltr'><strong>multi</strong></span> <span class='ocrx_word' id='word_1_375' title='bbox 529 3860 606 3924; x_wconf 89' lang='lat' dir='ltr'><strong>sint.</strong></span> <span class='ocrx_word' id='word_1_376' title='bbox 649 3859 802 3924; x_wconf 88' lang='lat' dir='ltr'><strong>Aliorum</strong></span> <span class='ocrx_word' id='word_1_377' title='bbox 824 3860 1002 3926; x_wconf 89' lang='lat' dir='ltr'><strong>verborum</strong></span> <span class='ocrx_word' id='word_1_378' title='bbox 1035 3866 1196 3952; x_wconf 84' lang='lat' dir='ltr'><strong>exempla</strong></span> <span class='ocrx_word' id='word_1_379' title='bbox 1215 3877 1265 3929; x_wconf 85' lang='lat' dir='ltr'><strong>ant</strong></span> 
     </span>
     <span class='ocr_line' id='line_1_44' title="bbox 213 3942 1265 4041; baseline 0.008 -34"><span class='ocrx_word' id='word_1_380' title='bbox 213 3942 306 4009; x_wconf 86' lang='lat' dir='ltr'><strong>nulla</strong></span> <span class='ocrx_word' id='word_1_381' title='bbox 321 3944 550 4041; x_wconf 81' lang='lat' dir='ltr'><strong>reperiuntur,</strong></span> <span class='ocrx_word' id='word_1_382' title='bbox 573 3954 627 4008; x_wconf 80' lang='lat' dir='ltr'><strong>aut</strong></span> <span class='ocrx_word' id='word_1_383' title='bbox 641 3945 807 4009; x_wconf 87' lang='lat' dir='ltr'><strong>rarissima</strong></span> <span class='ocrx_word' id='word_1_384' title='bbox 827 3955 859 4008; x_wconf 91' lang='lat' dir='ltr'><strong>et</strong></span> <span class='ocrx_word' id='word_1_385' title='bbox 873 3945 981 4011; x_wconf 86' lang='lat' dir='ltr'><strong>dubia.</strong></span> <span class='ocrx_word' id='word_1_386' title='bbox 1017 3944 1058 4012; x_wconf 89' lang='lat' dir='ltr'><strong>ln</strong></span> <span class='ocrx_word' id='word_1_387' title='bbox 1070 3949 1162 4017; x_wconf 86' lang='lat' dir='ltr'><strong>Livii</strong></span> <span class='ocrx_word' id='word_1_388' title='bbox 1175 3951 1265 4016; x_wconf 89' lang='lat' dir='ltr'><strong>libris</strong></span> 
     </span>
     <span class='ocr_line' id='line_1_45' title="bbox 211 4027 1265 4122; baseline 0.01 -31"><span class='ocrx_word' id='word_1_389' title='bbox 211 4027 344 4093; x_wconf 90' lang='lat' dir='ltr'><strong>nullum</strong></span> <span class='ocrx_word' id='word_1_390' title='bbox 358 4031 521 4096; x_wconf 78' lang='lat' dir='ltr'><strong>invenisse</strong></span> <span class='ocrx_word' id='word_1_391' title='bbox 544 4053 580 4094; x_wconf 88' lang='lat' dir='ltr'><strong>se</strong></span> <span class='ocrx_word' id='word_1_392' title='bbox 603 4041 716 4095; x_wconf 86' lang='lat' dir='ltr'><strong>narrat</strong></span> <span class='ocrx_word' id='word_1_393' title='bbox 732 4027 988 4111; x_wconf 81' lang='lat' dir='ltr'><strong>Drakenborch.</strong></span> <span class='ocrx_word' id='word_1_394' title='bbox 1012 4032 1055 4099; x_wconf 85' lang='lat' dir='ltr'><strong>ad</strong></span> <span class='ocrx_word' id='word_1_395' title='bbox 1079 4038 1125 4120; x_wconf 87' lang='lat'><strong>6,</strong></span> <span class='ocrx_word' id='word_1_396' title='bbox 1153 4042 1216 4122; x_wconf 88' lang='lat'><strong>17,</strong></span> <span class='ocrx_word' id='word_1_397' title='bbox 1236 4043 1265 4105; x_wconf 87' lang='grc'><strong>8.</strong></span> 
     </span>
    </p>
   </div>
   <div class='ocr_carea' id='block_1_7' title="bbox 212 4113 1090 4208">
    <p class='ocr_par' dir='ltr' id='par_1_18' title="bbox 212 4113 1090 4208">
     <span class='ocr_line' id='line_1_46' title="bbox 212 4113 1090 4208; baseline 0.003 -24"><span class='ocrx_word' id='word_1_398' title='bbox 212 4114 369 4184; x_wconf 79' lang='lat' dir='ltr'><strong>Ceterum</strong></span> <span class='ocrx_word' id='word_1_399' title='bbox 385 4114 475 4185; x_wconf 86' lang='lat' dir='ltr'><strong>conf.</strong></span> <span class='ocrx_word' id='word_1_400' title='bbox 491 4116 624 4205; x_wconf 88' lang='lat' dir='ltr'><strong>quaein</strong></span> <span class='ocrx_word' id='word_1_401' title='bbox 638 4133 726 4186; x_wconf 78' lang='lat' dir='ltr'><strong>antur·</strong></span> <span class='ocrx_word' id='word_1_402' title='bbox 745 4113 865 4185; x_wconf 88' lang='lat' dir='ltr'><strong>dicturi</strong></span> <span class='ocrx_word' id='word_1_403' title='bbox 882 4136 1005 4208; x_wconf 81' lang='lat' dir='ltr'><strong>sumus.</strong></span> <span class='ocrx_word' id='word_1_404' title='bbox 1037 4154 1041 4163; x_wconf 93' lang='lat'>·</span> <span class='ocrx_word' id='word_1_405' title='bbox 1087 4198 1090 4203; x_wconf 22' lang='lat'>¹</span> 
     </span>
    </p>
   </div>
   <div class='ocr_carea' id='block_1_8' title="bbox 1303 2144 1314 3373">
    <p class='ocr_par' dir='ltr' id='par_1_19' title="bbox 1303 2144 1314 3373">
     <span class='ocr_line' id='line_1_47' title="bbox 1303 2144 1314 3373; baseline 0 0"><span class='ocrx_word' id='word_1_406' title='bbox 1303 2144 1314 3373; x_wconf 95' lang='lat' dir='ltr'><strong> </strong></span> 
     </span>
    </p>
   </div>
   <div class='ocr_carea' id='block_1_9' title="bbox 0 0 1314 4770">
    <p class='ocr_par' dir='ltr' id='par_1_20' title="bbox 0 0 1314 4770">
     <span class='ocr_line' id='line_1_48' title="bbox 0 0 1314 4770; baseline 0 4"><span class='ocrx_word' id='word_1_407' title='bbox 0 0 1314 4770; x_wconf 95' lang='lat' dir='ltr'><strong> </strong></span> 
     </span>
    </p>
   </div>
  </div>
 </body>
</html>
