2618 4770
133 312 176 379 80
605 302 685 385 AD.

132 466 190 530 tic.
204 468 237 547 7,
252 467 285 529 3.
307 459 486 549 praecepit,
507 478 577 523 non
592 457 778 545 ingressum
793 460 829 523 in
845 456 977 543 urbem,
992 460 1053 527 scd
1073 482 1133 527 ace

133 573 209 615 sum
225 549 266 613 ad
281 547 370 611 urbis
386 546 556 631 regionem
570 544 816 693 praepositione
831 544 1019 633 significari.
1040 546 1080 611 Id
1099 570 1125 636 p

132 636 293 701 baverunt
313 631 476 694 Oudeudo
520 630 570 693 ius
588 629 630 694 ad
663 630 737 693 'aea
751 630 791 694 Β.
807 632 849 695 G.
875 636 912 711 1,
930 636 964 697 7.
990 633 1130 699 Cottius

133 720 268 787 Sallust.
294 717 364 803 lug.
387 718 441 781 67.
507 782 514 797 ,Ι
533 715 732 778 ddimaunus
749 720 781 779 2.
807 738 844 803 p.
861 720 938 781 280.
961 728 995 783 ct
1017 718 1086 785 alii.
1117 718 1179 785 Sed

131 806 200 871 iam
213 803 352 869 Vossius
377 799 539 864 intellexit
558 799 620 863 hac
636 799 788 865 universa
805 802 918 890 regula
935 824 1059 891 parum
1074 802 1204 889 efficii:

131 914 210 956 nam
226 896 459 976 praeterquam
474 886 566 972 quod
583 886 766 949 accusativo
782 887 980 969 nominum,
998 910 1074 955 non
1087 888 1203 957 addice

130 978 166 1040 ta
188 971 453 1074 praepositione,
471 972 569 1035 etiam
582 971 708 1037 itineris
733 971 871 1038 directio
895 973 937 1039 ad
958 974 1098 1039 alicuius
1114 972 1203 1061 loti!¹

131 1082 303 1148 regionem
319 1056 528 1145 exprimitur,
546 1056 687 1144 vulgaris
703 1056 864 1143 loquendi
878 1060 1100 1143 consuetudo,
1112 1078 1203 1127 nom

131 1147 311 1213 verborum
330 1142 416 1207 ratio
442 1141 651 1207 constituisse
666 1142 795 1205 videtur
808 1142 912 1224 hanc,
939 1166 1043 1229 quam
1060 1144 1202 1235 optimis

132 1230 312 1318 scriptores
330 1228 601 1307 observaverunt,
621 1226 747 1315 legem:
773 1229 889 1303 sicuti,
916 1228 973 1293 ubi
994 1248 1203 1329 spracpc-'2

133 1317 209 1382 sitio
230 1315 379 1404 ponitur,
398 1335 468 1378 non
479 1334 612 1399 semper
631 1334 779 1400 egressus
796 1335 837 1377 ex
850 1312 965 1379 vicinis
980 1314 1067 1381 locis
1081 1308 1203 1397 notak-3⁴

132 1411 199 1469 tur.
231 1401 301 1467 Cic.
318 1400 358 1464 de
374 1399 504 1463 Senect.
519 1398 559 1480 4,
582 1402 633 1461 10.
654 1420 793 1487 crineque
809 1422 848 1462 eo
868 1410 1031 1487 quterram
1046 1400 1187 1469 aemule.

132 1484 403 1553 adolescentulas
416 1484 514 1548 miles
528 1476 702 1571 profhetae
716 1506 791 1546 sum
812 1484 861 1571 aql
878 1483 1060 1571 Capuam,
1078 1486 1172 1583 paria·-

130 1585 231 1663 toquc
255 1594 349 1637 anno
372 1581 452 1661 post
477 1566 527 1633 ad
546 1568 745 1633 Tarentum.
781 1565 831 1633 Ibi
858 1571 963 1635 critici
991 1572 1167 1659 exphapntr

133 1660 174 1725 ad
190 1658 385 1737 exercitum,
412 1654 469 1743 qui
490 1664 560 1718 erat
575 1654 616 1717 ad
634 1654 794 1740 Capuam.
816 1654 968 1743 Propert.
992 1661 1033 1732 8,
1062 1662 1167 1740 21,·t.
1193 1658 1198 1665 '

129 1765 299 1833 nrugaum
321 1743 389 1807 iter
409 1738 458 1804 ad
482 1739 602 1802 doctas
627 1736 791 1825 ›reficissi
803 1762 910 1827 cogor
924 1742 1093 1807 Athenas.
1121 1740 1174 1805 ubl

129 1854 174 1897 ne
189 1850 338 1895 caussam
353 1828 388 1890 in
405 1826 562 1888 adiectivo
582 1761 693 1913 addito
708 1846 915 1909 quaeramus,
930 1828 1174 1891 Vossius-eom·

129 1926 226 2004 parat
248 1913 345 1978 Oeid.
361 1912 438 1974 Her.
467 1915 505 1986 2,
530 1912 583 1972 83.
610 1907 730 1972 doctas
753 1911 827 1975 iam
850 1933 939 1975 arans
963 1923 1032 1988 eat,
1057 1912 1202 2000 inquit„

131 2002 298 2066 Athenas.
327 1995 396 2059 Noe
413 2005 524 2058 tamen
542 1994 652 2058 Vossii
667 1997 839 2076 sententia,
850 1997 890 2061 de
908 1997 1043 2061 Consta.
1055 2000 1174 2097 pkfflg
1196 2054 1202 2061 .

128 2086 277 2174 prolata,
301 2078 516 2167 comprobari
535 2088 665 2165 potest,
687 2082 971 2167 praepositionem
987 2082 1084 2158 addi,
1105 2102 1192 2153 non-2

129 2180 168 2234 ut
181 2176 294 2232 motus
311 2166 351 2229 ad
366 2164 480 2229 locum
500 2163 657 2245 vicinum,
679 2165 737 2229 scd
760 2167 882 2254 aliquid
901 2190 969 2232 esse
983 2168 1037 2233 vel
1049 2166 1123 2233 fieri
1139 2166 1175 2233 in

129 2255 208 2319 loco
230 2252 340 2319 vicino
359 2248 571 2338 significetur.
615 2250 659 2313 Et
683 2272 883 2339 quamquam
903 2253 946 2333 ii,
974 2254 1033 2339 qui
1053 2254 1197 2321 niumm}

33 2354 38 2361 ’
128 2340 235 2430 phum
253 2335 505 2425 exspectabant,
531 2345 588 2399 aut
604 2358 622 2400 e
638 2338 809 2423 provincia
825 2340 1045 2421 reverterant,
1070 2339 1170 2403 usita-
1182 2360 1202 2399 ιι

128 2436 163 2490 ta
179 2424 326 2489 formula
344 2421 538 2486 dicebantur
557 2419 606 2485 ad
620 2419 736 2486 urbem
753 2424 896 2498 venisse,
932 2445 1033 2509 quam
1047 2420 1202 2513 ingredia

128 2511 282 2577 nondum
308 2508 346 2573 iis
366 2507 495 2572 licitum
518 2505 650 2588 fuisset,
676 2505 741 2571 hoc
759 2530 829 2572 non
846 2529 912 2572 una
927 2498 1202 2601 praepositioni}

129 2594 372 2673 declarabatur,
402 2592 459 2657 sed
480 2592 551 2679 ipsa
576 2615 624 2656 re.
670 2593 822 2657 Sanctius
843 2592 954 2681 igitur,
979 2594 1202 2675 „absurdiun

129 2682 288 2759 delirant,
319 2678 445 2765 inquit,
475 2700 510 2765 p.
528 2680 602 2741 234.
625 2678 683 2765 qui
697 2679 918 2759 contendunt,
948 2678 1189 2761 aliudesseca„

126 2765 291 2847 Romam,
321 2764 410 2829 aliud
429 2785 467 2827 eo
491 2760 541 2826 ad
562 2760 727 2826 Roaiam:
754 2764 869 2828 dicunt
884 2764 974 2829 enim
991 2766 1063 2829 si'ne
1074 2784 1197 2863 pratea,¹

125 2852 296 2941 positione
318 2849 434 2914 locum
454 2848 566 2936 ipsum
592 2846 785 2935 significari,
824 2871 902 2914 cum
926 2848 1170 2938 praepositione

125 2958 205 3003 vero
228 2937 328 2999 iaxta
347 2934 399 3000 vel
410 2956 532 3019 prope.
576 2934 702 2998 Delirat
725 2934 826 3020 igitur
843 2935 969 3019 Livius,
999 2936 1058 3022 qui
1074 2930 1167 3085 'sappi
1198 2976 1201 2984 ·

125 3043 213 3087 nunc
234 3019 359 3101 Veios,
386 3040 476 3083 nunc
503 3017 552 3081 od
575 3016 681 3082 Veios
704 3020 822 3085 codem
847 3042 946 3085 sensu
971 3020 1062 3085 dicit.
1133 3038 1170 3094 ω,

124 3106 210 3171 mibi
224 3106 324 3170 etiam
339 3105 374 3168 in
389 3103 450 3167 hac
464 3113 558 3190 parte
572 3103 679 3189 placet
695 3104 767 3191 ipse
784 3106 918 3184 Cicer0,
944 3127 1048 3202 quum
1062 3105 1120 3170 lib.
1136 3106 1164 3169 7.
1185 3106 1195 3113 ”

125 3192 222 3280 epist.
240 3196 271 3255 3.
303 3188 413 3253 Attico
430 3211 501 3252 sese
517 3198 668 3270 excusat,
695 3191 788 3276 quod
806 3192 974 3278 scripserit
989 3191 1028 3254 in
1042 3191 1172 3257 Piraea·

123 3298 226 3365 pram
242 3275 439 3339 venissem.“
462 3274 577 3337 Cicero
594 3273 728 3359 quidem
742 3284 849 3345 totam
867 3298 938 3339 rem
955 3276 996 3339 de
1013 3298 1073 3339 sua
1088 3276 1165 3341 alio-

123 3383 200 3426 rum
224 3381 265 3424 ue
275 3359 435 3446 opinione
444 3359 665 3423 demonstrat:
716 3361 974 3447 raepositionem
992 3361 1068 3424 addi
1082 3359 1166 3425 'sole-

123 3469 172 3529 re,
185 3384 242 3511 uia
251 3467 376 3508 nomen
390 3465 461 3506 non
477 3444 606 3530 oppidi.
621 3445 678 3508 sed
691 3383 757 3509 loci
773 3454 929 3533 ponatur,
940 3445 1108 3532 igitrnque
1122 3442 1166 3510 ad

122 3530 270 3597 Romam
291 3525 465 3617 proficisci
490 3550 561 3591 non
585 3530 650 3593 dici
666 3530 706 3594 de
721 3530 820 3611 urbe,
845 3531 901 3594 sed
917 3530 1071 3605 deloco,
1103 3540 1165 3618 quo

122 3618 236 3683 tendat
257 3615 330 3680 iter.
373 3616 458 3679 Ante
484 3613 595 3677 omnia
611 3614 693 3678 illud
707 3618 906 3696 tenendum,
928 3615 1019 3701 quod
1034 3616 1168 3680 Vossius

123 3712 155 3767 et
170 3700 359 3767 Perizonius
378 3700 419 3763 ad
437 3700 547 3762 Sanct.
566 3698 650 3762 Min.
669 3700 865 3779 docuerunt,
885 3701 1170 3788 praepositionem
1189 3730 1200 3767 ·.

121 3787 255 3851 urbium
272 3786 462 3849 nominibus
480 3784 623 3847 additam
638 3784 719 3848 nihil
737 3784 859 3850 habero
869 3833 879 3866 ,
903 3786 993 3871 quod
1014 3786 1051 3849 in
1064 3796 1171 3853 artem

123 3882 179 3935 aut
194 3883 345 3937 naturam
360 3869 661 3956 linguaeineurrat,
684 3870 850 3951 Ciceronis
867 3880 971 3934 aetate
988 3870 1027 3934 ab
1041 3871 1094 3953 iis,
1117 3870 1172 3959 qui

123 3957 299 4043 elegantiae
321 3956 509 4034 studerent,
537 3953 608 4018 fere
632 3956 791 4019 omissam
808 3977 879 4020 esse
898 3956 1040 4041 ideoque
1056 3964 1171 4045 gramss

122 4043 263 4106 maticos
286 4041 352 4105 hoc
373 4038 533 4125 loquendi
557 4062 658 4126 genus
681 4050 853 4127 tamquam
869 4041 1056 4128 legitimum
1069 4036 1189 4130 prae-'⁸'

123 4129 265 4215 cepisse,
290 4126 386 4191 sicuti
401 4125 480 4190 feeit
497 4125 739 4204 Quinctilianus
758 4134 792 4211 1,
811 4129 831 4194 5
838 4175 849 4212 ,
865 4132 931 4208 38,
952 4137 1104 4204 oratores
1119 4136 1173 4195 ta·
1193 4180 1196 4189 .
