2618 4770
58 312 69 391 ·'
142 352 184 414 ea
564 342 736 408 soemo.

142 528 177 592 p.
203 506 295 567 1271.
341 495 543 561 Ricciolatus
577 518 658 562 vero
694 497 978 587 praepositionem
1007 501 1197 590 appellabat

143 589 284 654 abhinc.-
334 583 402 646 uod
427 582 525 646 etiam
544 582 796 647 Ruddimmmus
821 588 853 647 2.
876 607 911 672 p.
929 589 1005 648 292.
1027 589 1196 673 probavit,

141 674 234 739 nullo
253 605 386 756 quiiiem
402 677 610 753 argumento
655 668 729 756 Ipsa
749 678 859 755 autem
876 669 1074 756 significatio
1091 692 1205 739 voca-t

143 761 210 823 huii
224 780 294 820 non
312 762 460 817 instetur
480 756 728 820 construetione
743 752 891 818 nominis
907 755 1053 841 diverse,
1085 781 1195 846 neque
1212 790 1216 799 ·

141 843 341 910 aecusativus
358 837 462 924 magis
483 836 518 901 in
537 859 596 901 usu
614 851 682 904 emt
699 861 799 927 quam
818 839 989 931 ablativus.
1211 878 1216 887 ·

242 964 326 1014 Plant.
343 959 429 1009 Casio.
446 959 515 1009 Prol.
531 957 574 1010 39.
593 958 642 1011 sed
657 945 759 1014 abhinc
772 976 862 1011 annos
873 954 989 1028 factam
1009 971 1051 1015 est
1062 932 1212 1029 sedecim-i

209 1064 292 1116 quoin
316 1045 494 1112 conspicatus
523 1053 566 1095 est
601 1045 692 1114 primo
723 1041 897 1112 crespusculo
922 1043 1049 1114 puellam
1077 1052 1191 1119 exponi.
1215 1056 1220 1099 t

209 1132 263 1183 Cic.
285 1150 311 1198 p.
333 1129 413 1180 Balbo
434 1127 469 1192 6,
503 1127 546 1179 16.
580 1133 682 1182 etenim
709 1131 735 1181 si
765 1129 814 1182 Cn.
845 1130 992 1199 Pompeias
1016 1129 1121 1186 abhinc
1143 1154 1190 1189 an-
1217 1128 1220 1137 '

207 1235 259 1269 nos
282 1215 446 1286 quingentos
462 1209 574 1283 fuisset
595 1223 645 1281 ete.
679 1214 794 1281 Philipp.
814 1211 848 1278 2,
876 1210 927 1276 46,
960 1212 1018 1266 119.
1046 1217 1151 1271 etenim
1168 1220 1190 1273 si

208 1299 308 1353 abhinc
326 1316 415 1351 annos
433 1315 522 1366 prope
538 1300 640 1368 viginti
654 1297 706 1351 hoc
725 1303 787 1368 ipso
809 1301 840 1352 in
860 1297 966 1368 templo
987 1304 1099 1373 negavi·
1108 1320 1190 1373 posse

209 1397 322 1439 creontem
351 1370 526 1436 immaturam
550 1394 609 1436 esse
635 1382 792 1445 consulari,
820 1395 924 1455 quanto
943 1386 1035 1438 verius
1053 1405 1127 1441 nunc
1143 1408 1188 1443 ne·

206 1470 280 1542 gabo
302 1470 385 1525 seni?
411 1472 444 1521 de
464 1465 655 1533 hicine-57,
674 1468 733 1520 118.
760 1468 961 1522 Demosthenes
992 1471 1121 1541 quidem,
1141 1478 1189 1549 qni

204 1555 305 1610 abhinc
331 1574 419 1607 annos
444 1574 534 1627 prope
562 1570 621 1607 ccc
640 1548 724 1623 fait,
752 1555 808 1606 iam
833 1563 891 1604 tam
931 1555 1108 1622 φιλιππίζειν
1131 1560 1182 1635 Py·

207 1642 295 1695 thiam
313 1640 431 1694 dicebat.
465 1644 573 1694 Terent.
592 1639 672 1688 Andr.
697 1638 730 1700 1,
750 1637 783 1702 1,
801 1636 843 1691 42.
862 1638 966 1692 interea
988 1641 1088 1695 mulier
1107 1662 1180 1717 que·

206 1728 270 1780 dam
295 1724 396 1779 abhinc
419 1727 567 1779 triennium
591 1742 625 1776 ex
651 1721 749 1775 Andro
775 1725 967 1795 commigravit
988 1724 1040 1778 hnc
1059 1726 1184 1801 uiciniae.

205 1812 299 1865 Vellei.
324 1805 380 1864 Put.
396 1810 429 1873 1,
447 1810 478 1872 6,
499 1814 523 1860 1.
550 1810 634 1863 Plaut·
658 1810 738 1858 Most·
760 1808 792 1869 2,
812 1809 837 1873 2,
856 1808 898 1863 63.
917 1813 1014 1864 oricum
1033 1816 1098 1883 quin
1113 1814 1195 1885 aigi·-

206 1900 280 1952 ianti
305 1896 421 1956 diceret,
450 1899 499 1966 qni
516 1891 616 1945 abhinc
632 1893 780 1962 sexaginta
794 1896 874 1947 annis
894 1897 997 1948 occisas
1009 1892 1104 1965 foret.
1129 1885 1185 1950 cic}

204 1986 232 2035 iu
246 1986 323 2035 Verr.
338 1978 373 2040 2,
396 1977 446 2043 52,
467 1977 527 2030 130.
554 1975 714 2028 Herodotus
732 1995 814 2047 qaum
833 1982 926 2034 Roma
943 1982 1108 2044 revertitur,
1129 1970 1208 2051 aiio,

204 2067 270 2126 has,
290 2074 320 2114 ut
337 2063 398 2132 ipse
414 2061 551 2133 patabat,
578 2060 731 2133 quindecim
747 2073 812 2116 ante
835 2067 964 2127 comitia,
984 2065 1107 2138 offendit
1124 2086 1195 2129 aum,

205 2166 338 2209 mensem,
365 2145 412 2216 qui
439 2147 610 2218 consequitur
635 2165 752 2199 ocensem
777 2149 962 2214 comitialem,
990 2152 1110 2203 comitiis
1128 2153 1182 2207 iam

202 2218 302 2287 abhinc
331 2231 447 2301 triginta
478 2229 573 2283 diebus
603 2229 716 2283 habitis.
745 2235 801 2285 Nos
837 2236 922 2288 sebon
944 2254 995 2288 vor
1013 2236 1050 2289 30
1077 2210 1192 2311 Tagai

204 2320 238 2371 nd
253 2320 307 2366 Art.
324 2315 373 2379 12,
407 2314 447 2366 17.
472 2315 549 2387 quod
565 2334 616 2386 pro
649 2316 797 2388 Cornificio
816 2338 858 2373 rrae
876 2318 976 2373 abhinc
995 2320 1118 2392 atriplice
1133 2342 1183 2393 μιν,
1205 2336 1219 2391 [ἑ

202 2407 245 2458 nis
267 2419 340 2453 xxv
364 2401 550 2470 spopondisse
582 2399 649 2453 dicit
676 2401 791 2455 Flavius
812 2415 863 2456 etc.
888 2424 914 2473 Ρ.
938 2407 1018 2461 Rosc.
1046 2404 1183 2477 uenit„
1207 2398 1219 2481 ξ·

199 2489 243 2544 87.
270 2487 331 2562 Quo
349 2488 495 2555 tempore?
515 2481 623 2539 Abhinc
638 2490 720 2540 annis
737 2506 784 2540 w.
1177 2492 1181 2505 '
1212 2498 1219 2503 '

235 2590 330 2643 Vellei.
353 2590 408 2638 Pet.
432 2587 457 2650 1,
470 2588 521 2651 12,
546 2586 570 2638 5.
601 2589 741 2660 Carthago
758 2590 850 2642 diruta
865 2601 925 2656 est,
951 2610 1037 2664 quum
1059 2552 1190 2649 stetissei.l
1214 2566 1219 2603 ζ

200 2680 282 2731 annis
295 2671 454 2736 Βοωενιι,
473 2670 573 2726 abhinc
589 2693 677 2727 annos
698 2687 854 2727 caxxrn.

233 2783 296 2833 Non
313 2778 403 2829 oldito
421 2793 529 2828 numero
547 2795 673 2831 annorum
693 2779 801 2830 definito
818 2778 920 2830 Gellius
938 2782 1019 2833 Noct·
1034 2784 1090 2833 An.
1105 2780 1174 2846 1,,111.

200 2877 231 2917 tu
249 2875 356 2926 antem,
380 2861 498 2932 proinde
519 2865 599 2932 qnasi
621 2883 681 2916 cam
704 2874 792 2916 matre
815 2863 944 2917 Euandri
968 2884 1039 2919 nunc
1057 2848 1173 2938 loquare,

198 2968 321 3005 sermone
338 2946 438 3000 abhinc
453 2947 549 3000 necitis
563 2951 644 3000 annis
665 2951 720 3003 iam
739 2949 827 3002 desito
845 2951 937 3002 uteris.

230 3053 328 3104 Eodem
351 3067 428 3101 sensu
446 3052 551 3101 Plautus
570 3063 597 3101 et
612 3053 775 3102 recentiores
802 3053 942 3120 scriptores
960 3052 1084 3104 dixerunt
1099 3050 1183 3104 etiem*

197 3137 269 3192 hinc.
303 3137 410 3187 Trucul.
443 3134 477 3200 2,
513 3135 546 3200 3,
574 3136 616 3187 19.
637 3157 693 3188 me
725 3154 804 3188 nanzo
835 3139 925 3207 magis
956 3136 1099 3206 respiciet,
1131 3132 1173 3187 nti
1212 3148 1217 3163 ¹

198 3227 251 3279 iste
275 3220 325 3274 huc
346 3219 471 3286 venerit,
496 3240 577 3291 qnam
595 3226 620 3277 si
637 3221 700 3277 hinc
721 3221 853 3274 ducentos
872 3238 960 3274 annos
973 3217 1083 3291 fuerim
1107 3238 1172 3275 mor·

200 3320 271 3360 tuus.
984 3316 987 3321 '

212 3409 326 3488 Quum
352 3406 460 3472 verbis
481 3401 604 3472 abhinc
629 3418 762 3470 centum
781 3405 882 3469 oneris
899 3406 1034 3492 antiquo
1051 3426 1116 3470 usu
1129 3405 1173 3469 si·

126 3492 317 3582 gnificetur,
349 3493 429 3579 quid
454 3502 529 3556 ante
548 3502 681 3555 centum
701 3514 804 3555 annos
820 3490 946 3554 factum
963 3494 1024 3572 sit,
1048 3494 1173 3555 aVor-

125 3581 189 3643 stio
220 3601 291 3642 non
315 3578 385 3642 sine
408 3600 520 3642 caussa
541 3579 708 3663 quaeritur
736 3579 783 3664 (p.
802 3582 874 3661 163.
903 3577 943 3640 de
966 3577 1072 3640 Latin.
1090 3598 1173 3641 mer.

125 3665 228 3752 susp.)
247 3686 329 3727 num
345 3663 408 3727 iilis
424 3664 528 3727 verbis
548 3662 645 3726 etiem
665 3664 699 3725 id
717 3660 859 3748 exprimi
875 3662 991 3747 possit,
1015 3663 1107 3747 quod
1121 3664 1175 3725 in-

123 3758 175 3811 tre
197 3760 330 3814 centum
352 3772 457 3812 annos
479 3747 605 3811 factum
630 3749 688 3811 sit:
717 3747 879 3832 siquidem
906 3748 1083 3832 scriptores
1108 3768 1175 3811 no-

123 3844 208 3897 strae
225 3835 335 3915 aetatis
353 3857 449 3920 saepe
466 3833 510 3897 itu
525 3832 720 3918 loquuntur,
738 3843 770 3896 et
786 3832 880 3896 ass'ert
888 3831 1041 3895 Vorstius
1058 3852 1176 3897 exem-

121 3918 189 4003 plu.
219 3921 395 3989 Atdesunt
411 3919 555 4004 antique.

204 4034 243 4099 In
260 4036 325 4100 hoc
348 4048 468 4111 autem,
492 4055 592 4122 quem
609 4034 835 4122 exposuimus,
853 4053 916 4099 usu
935 4034 1057 4101 abhinc
1081 4058 1176 4102 sem-

120 4140 182 4208 per
198 4123 367 4211 praecedit
392 4121 596 4190 nominibus·
608 4139 775 4188 anneriun
796 4120 847 4188 vel
862 4122 1009 4204 dierum,
1040 4130 1072 4187 et
1086 4145 1176 4211 pro·
