2618 4770
523 319 654 390 sunu.
819 322 822 327 ·
863 282 865 287 ¹
1050 323 1124 412 aar,

97 480 304 560 auferantur,
322 489 406 576 aare
419 477 558 565 ponitur
571 500 636 567 pro
646 478 767 566 princ,
795 478 887 569 quod
912 479 1021 548 diflert
1041 473 1114 574 ipsa

95 591 132 634 sac
146 574 397 655 comparatione
413 586 579 652 expressa.

180 687 273 740 lustin.
292 684 325 749 2,
346 686 440 747 10,1.
461 683 570 741 decedit
588 685 695 742 relictis
711 684 809 742 maltis
832 685 917 752 filiis,
937 699 965 742 ct
982 692 1011 742 in
1028 709 1113 763 regno

141 783 247 828 stante
266 789 380 842 regnum
399 775 543 842 susceptis.
577 770 634 822 Liv.
653 771 704 833 39,
720 770 773 847 42,
790 770 815 822 7.
844 790 899 841 qua
914 776 1070 844 (oratione)
1088 781 1115 832 si

140 869 283 934 accusator
299 868 364 910 ante
377 866 483 921 notam,
503 873 559 908 non
579 872 674 909 censor
693 866 761 928 post
780 866 878 909 notam
895 876 959 911 arus
977 872 1047 915 esset
1062 873 1114 918 etc.

155 988 184 1048 2.
218 981 414 1069 Designatur
430 989 539 1045 autem
553 990 684 1066 tempus
701 978 824 1065 duplici
840 981 954 1059 modo,
978 995 1035 1047 aut¹
1047 1008 1114 1048 no-

95 1067 212 1132 ninibus
227 1078 421 1155 temporum
438 1067 472 1149 in
489 1066 555 1130 vita
569 1064 714 1129 humana
724 1065 817 1128 certis
833 1066 982 1132 terminis
999 1071 1115 1134 distin-

94 1161 216 1230 torum,
252 1174 433 1232 annorum,
455 1150 602 1231 dierum,
626 1150 743 1235 quibus
769 1171 872 1235 quum
897 1153 1028 1217 additur
1050 1178 1115 1219 nn-

94 1260 197 1315 nerus,
228 1238 340 1326 plures
365 1247 474 1324 partes
499 1237 645 1301 eiusdem
664 1235 896 1322 magnitudinis
921 1241 1116 1327 complecti·

94 1345 165 1406 nur,
186 1334 242 1387 aut
257 1323 447 1387 nominibus
464 1323 641 1386 hominum
660 1330 820 1384 etrerum
836 1321 1039 1412 intempore
1056 1328 1117 1414 ap-

108 1410 258 1473 arentium
273 1429 450 1494 earumque
471 1429 595 1487 rernm,
614 1427 696 1492 quae
715 1405 890 1491 aliquando
918 1421 1005 1475 actae
1025 1424 1114 1478 sunt.

102 1503 161 1559 nter
176 1495 232 1559 tila
250 1495 447 1581 conspicuae
465 1504 543 1557 sunt
555 1492 737 1574 formulae,
770 1488 887 1577 quibus
907 1495 969 1558 diei
986 1507 1017 1560 et
1038 1500 1115 1563 anni

94 1591 180 1664 partes
197 1591 366 1662 notantur.
408 1579 565 1666 Volgares
579 1574 738 1643 dictiones
762 1578 974 1664 suppeditant
991 1581 1112 1646 lexico:

94 1665 166 1730 robis
184 1688 240 1730 eae
254 1676 385 1754 tantum
407 1664 721 1729 commemorandae
744 1663 914 1748 videntur,
943 1666 1113 1753 inquibus

94 1749 176 1838 iique
191 1751 378 1839 proprietas
396 1752 552 1815 cernitur.
595 1821 597 1825 ¹

169 1872 253 1924 Plaut.
276 1871 368 1940 Amph.
392 1871 425 1934 2,
445 1868 479 1935 1,
496 1867 539 1921 55.
562 1877 594 1923 nt
622 1868 727 1922 dadum
746 1879 812 1923 ante
831 1867 918 1924 lacem
936 1879 1054 1941 aperta
1071 1891 1116 1926 me
1218 1920 1220 1924 ,

138 1958 308 2031 praemisisti
332 1955 453 2007 domans.
489 1956 548 2012 Cas.
566 1956 599 2020 2,
617 1954 651 2020 8,
669 1953 719 2009 61.
744 1952 797 2007 'cta
817 1956 850 2008 de
870 1961 915 2007 Or.
931 1955 966 2018 2,
986 1957 1035 2022 64,
1052 1958 1115 2012 259.

138 2043 164 2097 si
178 2042 218 2096 ad
235 2052 263 2095 te
280 2037 346 2094 irene
364 2051 428 2093 ante
449 2038 539 2092 lacem
556 2042 686 2094 venisset.
714 2040 760 2092 ubi
786 2037 853 2094 nihil
878 2042 1037 2115 mutandum.
1071 2044 1115 2095 Sic

138 2125 209 2179 enim
237 2123 270 2177 de
298 2127 353 2176 inu.
374 2125 409 2188 9,
435 2125 468 2187 4,
495 2121 537 2175 15.
565 2123 653 2178 multo
674 2137 742 2180 ante
763 2124 850 2181 lacem
869 2131 996 2181 surrexit.
1030 2127 1115 2180 Plaut.

136 2209 231 2264 Bacch.
248 2209 282 2275 3,
300 2195 394 2273 3,]20.
417 2221 483 2263 ante
503 2208 592 2264 solem
616 2213 784 2266 exorientem
809 2207 865 2265 nisi
889 2213 918 2264 in
941 2210 1116 2283 palaestram

135 2313 261 2351 veneras.
295 2291 420 2346 horatius
440 2291 509 2346 dixit
524 2293 573 2365 Ep.
590 2295 624 2360 2,
646 2293 677 2362 1,
704 2296 763 2349 112.
782 2299 862 2366 prius
877 2306 940 2349 orto
958 2297 1019 2351 sole
1034 2298 1115 2370 vigil.

135 2381 252 2433 Iuvenal.
270 2379 318 2441 10,
336 2375 396 2433 939.
414 2379 585 2451 pereundum
602 2384 656 2434 erit
673 2390 740 2432 ante
757 2378 890 2435 lacernas.
925 2381 1027 2446 9,108.‘
1054 2403 1116 2455 pra·

137 2469 232 2520 :cimus
249 2475 315 2519 ante
332 2464 405 2517 diem
424 2481 513 2535 caupo
535 2467 611 2525 sciet.
637 2465 655 2516 i.
675 2484 699 2516 e.
716 2466 888 2518 antelucani:
917 2486 993 2537 quam
1013 2468 1116 2521 dictio-

136 2565 198 2604 nem
213 2558 344 2619 tamquam
360 2567 414 2601 non
430 2549 539 2602 latinam
558 2548 690 2603 immerito
712 2551 819 2602 damnat
833 2553 973 2604 Noltenius
991 2571 1018 2622 p.
1038 2551 1118 2612 1335.

151 2652 184 2739 9.
212 2670 374 2738 Homines
396 2671 611 2737 nominantur
631 2671 671 2737 ad
687 2673 948 2761 designandum,
965 2696 1032 2760 quo
1052 2653 1127 2764 ipsi¹

92 2762 243 2834 ixeruut,
278 2769 410 2856 tempus
431 2769 487 2823 aut
511 2754 552 2823 ad
584 2759 738 2856 ordinem
761 2756 1023 2848 significandum.
1078 2761 1118 2828 In

92 2846 118 2910 is
137 2856 220 2911 ante
234 2867 330 2931 saepe
347 2841 438 2909 idem
454 2851 504 2908 est
520 2840 610 2932 quod
623 2862 734 2931 prcus.

184 2972 239 3027 Cic.
264 2970 345 3024 Acad.
372 2973 405 3037 1,
430 2973 479 3037 12,
500 2970 544 3027 44.
571 2975 628 3028 iam
648 2983 715 3027 ante
737 2973 888 3037 Socratem,
915 2972 1117 3042 Democritum,

137 3056 349 3128 Anaxagoram,
368 3056 579 3128 Empedoclem,
600 3076 695 3112 onsnes
714 3079 785 3131 pene
809 3070 924 3114 veteres.
954 3056 1049 3126 virgil.
1068 3059 1116 3112 Ge.

92 3161 95 3167 ·
138 3145 173 3207 1,
200 3139 261 3195 125.
282 3153 350 3219 'anta
372 3145 467 3198 Iovem
491 3142 565 3198 nulli
588 3140 753 3216 subigebant
776 3162 845 3198 arvo
871 3142 974 3197 coloni.
1016 3146 1069 3196 Cic.
1088 3147 1118 3197 iu

131 3229 216 3303 'Verm
235 3227 267 3292 l,
287 3227 337 3292 44,
359 3225 417 3280 115.
446 3229 593 3284 Minucius
613 3230 729 3302 quidam
746 3239 869 3282 mortuas
887 3237 930 3281 est
949 3239 1014 3283 ante
1032 3232 1118 3283 istanc

138 3323 307 3384 praetorem.
341 3311 369 3362 in
391 3313 468 3364 Catil.
484 3314 518 3379 4,
538 3313 571 3378 8,
590 3311 615 3368 5.
634 3319 683 3385 qui
697 3314 786 3367 honos
806 3323 907 3385 togato
924 3309 1035 3369 liabitas
1052 3327 1118 3368 ante

94 3425 101 3433 «
137 3416 182 3450 me
199 3407 241 3450 est
264 3399 376 3453 nemini.
410 3398 515 3448 Sallust.
542 3400 598 3450 uas.
626 3397 719 3464 51,9.
740 3398 872 3471 quiante
896 3417 939 3452 nte
964 3403 1117 3453 sententias

137 3480 279 3536 dicernat.
314 3480 368 3532 cic.
385 3478 414 3533 in
430 3482 506 3536 Verr.
527 3484 552 3536 1.
570 3488 628 3536 Act.
644 3484 677 3552 3,
700 3484 725 3536 9.
747 3486 794 3554 qai
810 3509 844 3524 -
866 3501 992 3536 caussam
1011 3487 1118 3539 interea

142 3578 289 3621 antaeum
309 3566 422 3621 diceret.
456 3571 563 3620 Sueten.
582 3569 656 3620 Caes.
672 3564 715 3622 26.
733 3585 830 3621 nsanos
854 3568 964 3639 populo
989 3568 1117 3639 epulam·
1192 3638 1194 3643 Ι

138 3670 191 3723 que
207 3657 405 3720 pronunciavit
425 3652 453 3704 in
468 3644 559 3722 filiae
576 3653 751 3717 memoriam,
771 3650 847 3725 qaod
865 3664 930 3706 ante
949 3671 1010 3705 eum
1027 3673 1107 3709 nemo

135 3736 225 3790 Tacit.
251 3735 320 3790 Hist.
341 3736 373 3802 1,
394 3734 438 3794 50.
469 3735 600 3811 solasque
627 3742 751 3794 omnium
775 3747 842 3791 ante
866 3753 896 3791 se
914 3737 1118 3810 principantis

137 3820 237 3876 utelitas
255 3829 378 3874 mutatus
392 3833 444 3879 est.

155 3946 188 4010 t.
215 3943 342 4009 Rerum
357 3926 513 4027 nomina,
536 3944 653 4033 quibus
667 3952 795 4032 tempus
810 3952 1033 4029 antegressum
1049 3969 1116 4011 no-

91 4041 176 4112 ctur,
195 4029 512 4116 imprimissnuncra
529 4042 561 4096 ct
575 4032 707 4118 negotia
731 4040 886 4118 spectant.
929 4028 967 4095 Iu
991 4033 1116 4116 vulgari
1201 4096 1203 4103 ,

90 4138 225 4184 srmone
240 4114 302 4183 atta
322 4136 456 4204 quoquc
477 4119 523 4186 ita
542 4126 754 4207 usurpantur.
802 4117 921 4186 Poetae
947 4117 1115 4189 interdum
