2618 4770
522 288 686 383 sen.
869 287 871 291 η
1039 320 1149 392 ‘rou

202 478 238 528 lle
255 475 341 526 verbis
359 473 398 526 acl
422 491 561 527 numerum
583 475 693 532 moneri,
712 474 729 522 i.
746 492 769 535 e.
784 485 856 528 certo
870 488 958 541 motu,
986 476 1017 533 ἐν
1035 436 1145 552 intimi,

173 563 217 614 rid.
238 564 376 612 Burmann.
398 563 430 610 ud
447 564 552 612 Petron.
568 557 611 612 89.
629 579 655 626 p.
670 554 731 610 246.
750 559 814 610 edit.
841 579 893 616 see.
917 566 1020 632 laegep,
1042 567 1076 617 ad
1092 570 1144 619 pa-

101 683 105 692 ·
173 648 217 700 cuti
235 648 331 712 Paneg.
346 644 450 699 'lireoth
465 645 509 707 21,
527 642 554 696 8.
570 664 596 714 p.
611 643 672 697 813.

184 780 211 839 3.
242 774 316 836 Ηοο
333 770 438 835 modo
454 771 560 836 factae
576 781 653 834 sunt
669 771 836 836 formulae
851 794 1003 838 seorsum
1019 776 1144 840 notun-

131 861 181 925 iret
206 857 252 922 ud
271 855 449 946 formum,
480 856 529 920 aci
549 854 718 944 effigiem,
750 857 799 921 od
823 858 1064 936 simulacrum,
1096 864 1145 927 uel
1189 936 1192 941 ¹
1271 893 1273 897 ’

131 945 253 1024 mirem,
291 943 341 1008 osi
362 941 642 1017 similitudinem,
687 941 736 1006 acl
758 945 921 1029 speciem,
955 943 1004 1008 ud
1030 971 1143 1025 eccene-

126 1031 209 1118 phm,
229 1027 278 1092 acl
292 1027 583 1117 anegaitud'inem.
629 1027 723 1107 Quae
741 1029 828 1115 apud
845 1030 995 1093 Plautum
1012 1031 1143 1119 legitur.

130 1117 200 1181 dictio
225 1113 272 1178 ud
303 1116 409 1179 istum
425 1114 577 1203 sociem,
614 1136 677 1202 pro
700 1112 798 1177 istius
798 1111 974 1280 <{orntum
1008 1117 1143 1181 desum-

127 1213 168 1291 ptu
190 1223 254 1266 esse
282 1201 413 1275 videtur
442 1198 569 1285 uulgari
596 1201 754 1262 sermoni.
834 1202 899 1263 uod
922 1203 1029 1266 nostri
1054 1213 1143 1267 tem-

108 1289 193 1376 ,pons
218 1285 411 1350 hominibus
439 1285 563 1375 placuit
585 1285 634 1347 acl
657 1286 766 1349 cirum
787 1287 994 1372 exprimere,
1022 1288 1143 1354 barbu-
1223 1324 1227 1333 =

126 1379 251 1439 rum-est.

198 1494 261 1548 Plin.
279 1491 348 1543 nia.
368 1507 393 1542 n.
409 1489 444 1557 9,
470 1489 521 1555 23,
544 1489 588 1542 89.
614 1491 650 1543 irr
674 1487 774 1559 Gallia
794 1490 1018 1560 septemtrionali
1036 1512 1142 1566 murae.

172 1584 207 1636 nis
224 1576 352 1632 onrnibus
370 1574 469 1628 deutra
490 1579 518 1630 in
540 1574 659 1628 maxilla
674 1574 947 1646 septenaemaculac
964 1576 1003 1627 ad
1010 1575 1141 1652 sormam

173 1661 371 1737 septemtrionis
397 1670 482 1712 aureo
508 1660 600 1713 colore
621 1657 751 1731 fulgent.
785 1663 856 1711 Suet.
876 1662 935 1712 Tib.
949 1657 992 1712 30.
1017 1666 1063 1716 ulii
1078 1669 1140 1720 libri
1234 1709 1236 1714 .
1300 1672 1304 1685 ⁴

171 1750 229 1824 quid
245 1760 273 1803 et
289 1747 327 1801 acl
341 1762 423 1817 quam
433 1742 563 1814 formam
581 1764 676 1817 regum
695 1744 795 1798 litteris
811 1744 922 1800 rescribi
935 1745 1069 1814 placeret.
1095 1755 1141 1804 alii

157 1836 287 1888 ¹exhibent
309 1850 362 1905 qua
381 1827 491 1900 forma.
528 1833 582 1883 (lic.
603 1830 637 1881 ad
656 1831 761 1893 Quinct.
779 1831 813 1880 fr.
833 1830 864 1894 1,
883 1829 915 1893 1,
932 1830 958 1881 8.
980 1833 1072 1904 Cyrus
1091 1837 1144 1890 ilie

165 1941 181 1975 a
198 1916 388 1989 Xenophonte
407 1933 463 1976 non
481 1915 519 1968 ad
536 1914 671 1970 historiae
682 1911 779 1984 fidem
798 1917 938 1986 scriptus,
958 1916 1008 1970 sed
1025 1918 1064 1970 ad
1078 1917 1142 1993 effi.

166 2007 235 2078 gum
263 2005 332 2057 rnen
348 2001 465 2072 turperis.
494 2001 561 2053 nnn.
582 2001 651 2051 unt.
676 2018 703 2050 n.
720 2000 770 2061 21,
796 1999 845 2064 16,
872 1998 915 2052 se.
951 1990 1082 2057 rrimus
1106 2014 1141 2074 ·.-'

160 2087 240 2162 folio
259 2087 297 2140 ad
314 2081 440 2158 effigiem
459 2084 545 2148 ulmi,
564 2083 694 2154 pediculo
718 2083 814 2156 longo.
849 2085 905 2137 Lir.
921 2084 972 2151 40,
990 2086 1017 2152 6,
1036 2087 1063 2139 5.
1080 2107 1140 2143 mos

164 2187 230 2239 erut,
249 2173 427 2226 lustrationis
450 2188 529 2224 sacro
549 2179 681 2239 peracto,
700 2173 851 2222 'exercitum
865 2171 1004 2226 decurrere
1021 2182 1050 2225 et
1067 2173 1140 2228 ‹liui-

162 2280 207 2315 sas
234 2255 371 2329 bifariam
394 2257 465 2309 decas
487 2259 562 2307 acies
588 2272 745 2307 concurrere
763 2255 801 2306 ael
823 2255 1001 2310 simulacrum
1019 2277 1140 2331 pugnae.
1228 2288 1233 2296 ,

159 2353 266 2399 Sueton-
288 2345 353 2394 Caes
380 2340 423 2392 84.
448 2339 531 2412 aedes
551 2339 590 2390 ad
607 2337 785 2396 simulacrum
803 2341 902 2413 templi
924 2344 1047 2396 Veneris.
1064 2347 1139 2402 Flor.

160 2430 229 2498 4,2,
245 2428 289 2480 88.
316 2425 354 2478 ad
370 2424 547 2478 simulacrum
569 2426 677 2498 ignium
694 2426 794 2490 ardens
816 2424 931 2479 Pharus.
962 2431 1006 2480 ubi
1022 2432 1063 2482 vd.
1080 2434 1140 2484 Du,
1207 2450 1209 2454 ·

156 2521 216 2571 ker.
234 2515 289 2566 cic.
303 2515 381 2562 Tusc.
397 2511 425 2574 2,
442 2508 469 2574 4,
488 2512 530 2563 10.
548 2522 590 2564 est
610 2513 696 2583 igitur
715 2508 924 2566 anibulantibus
940 2514 979 2565 ad
995 2513 1067 2569 hunc
1084 2537 1142 2571 mo.

156 2594 409 2664 dum-sermostille
430 2593 511 2648 nohis
532 2597 685 2650 institutus.
720 2594 776 2648 Liv.
791 2593 841 2659 37,
860 2594 910 2660 46,
931 2592 956 2648 8.
984 2611 1088 2657 ceteros
1104 2629 1140 2642 -

103 2751 105 2754 y
155 2706 240 2759 aegre
265 2696 357 2736 castra
373 2675 540 2752 ⁸defendisse
564 2693 592 2735 et
615 2683 653 2736 ad
686 2681 800 2734 aradum
826 2676 1007 2753 fugientium
1030 2693 1141 2759 nragnis
1235 2709 1241 2716 ·

159 2766 306 2828 itineribus
326 2769 356 2820 in
377 2784 476 2837 agrurn
496 2779 630 2836 pacatum
651 2767 787 2821 redactos.
807 2765 864 2817 sine
895 2785 985 2819 caussa
1006 2782 1141 2825 mutarunt
1167 2765 1175 2783 Κ

155 2847 187 2913 in
203 2854 325 2909 niodum.
350 2855 448 2903 Seneca
464 2853 569 2914 Quaest.
584 2864 639 2910 nat.
658 2851 740 2919 1,16,
757 2851 783 2903 8.
803 2868 857 2923 quo
874 2857 1026 2924 nequitiam
1041 2875 1138 2922 aream,

155 2946 183 2998 si
199 2941 238 2996 ud
257 2950 374 2992 naturae
390 2936 502 2990 niodum
515 2939 626 3008 pecco?
653 2936 714 2991 vid.
740 2939 857 2987 Gronov.
874 2936 935 2988 Obs.
954 2940 979 3000 1,
1000 2941 1043 2991 10.
1056 2961 1085 3010 p.
1096 2943 1140 2996 94,
1158 2998 1160 3001 ,
1278 3010 1280 3014 Α

156 3027 221 3095 (72.)
247 3025 345 3076 Duker.
365 3023 399 3074 ud
413 3019 534 3084 Linst,
557 3023 606 3086 13,
630 3021 656 3074 4.
677 3021 846 3088 Oudendorp.
870 3021 904 3072 ad
927 3024 1000 3075 Caes.
1018 3029 1046 3077 Β.
1069 3031 1140 3080 Gall.
1185 3080 1188 3085 ,

156 3111 183 3177 5,
200 3109 245 3175 27,
262 3109 288 3162 3.
307 3109 360 3160 eie.
379 3104 411 3159 de
430 3110 492 3160 Nat.
509 3107 534 3158 d.
549 3109 575 3175 2,
593 3104 636 3170 64,
654 3106 716 3158 160.
735 3105 774 3159 ad
792 3104 1003 3160 similitudinem
1021 3110 1139 3168 bellicae
1175 3100 1179 3109 ¹

157 3195 334 3266 disciplinae.
360 3196 447 3245 Varro
475 3193 508 3244 de
523 3196 563 3245 Re
577 3211 599 3244 r.
613 3191 649 3256 8,
671 3189 697 3255 5,
716 3190 742 3242 8.
760 3190 799 3243 ad
814 3195 934 3262 speciem
955 3197 1139 3251 cancellorum

157 3284 336 3335 scenicorum.
363 3281 434 3329 Suet.
462 3280 527 3330 Ner.
555 3276 599 3329 31.
625 3287 757 3348 stagnum
786 3279 870 3330 muris
892 3280 1001 3347 instar,
1026 3286 1140 3336 circum.
1215 3284 1219 3289 '

157 3378 268 3437 septum
295 3357 440 3432 aedificiis
466 3363 505 3415 ad
531 3361 640 3415 urbium
660 3365 788 3431 speciem.
813 3363 873 3415 Alio
898 3382 976 3417 sensu
1000 3376 1086 3419 tumen
1111 3380 1138 3420 et

157 3451 261 3505 ratione
275 3449 328 3500 alia
346 3449 442 3502 dicitur
461 3446 500 3500 ad
511 3448 631 3517 speciem
653 3463 713 3514 pro,
730 3447 839 3498 honoris
856 3459 883 3499 et
898 3452 1044 3501 ornamenti
1059 3471 1139 3503 caus·
1214 3508 1217 3513 ,
1277 3482 1292 3504 ·.

159 3554 186 3587 sa
197 3520 254 3598 siu
271 3533 447 3601 splendorem.
469 3517 527 3583 Cic.
544 3529 577 3581 dc
599 3532 662 3597 ch.
679 3549 734 3600 ugr.
750 3533 776 3584 2.
794 3533 837 3597 12,
853 3532 897 3587 31.
915 3538 973 3587 sint
992 3539 1078 3606 igitur
1091 3537 1138 3592 de·

157 3619 271 3675 cemviri
289 3637 376 3687 neque
389 3619 462 3672 veris
482 3617 621 3680 comitiis,
643 3613 696 3669 hoc
710 3627 768 3679 cst,
786 3617 890 3689 populi
906 3619 1069 3691 suffragiis,
1091 3641 1137 3675 ne·

159 3725 212 3780 que
234 3702 294 3758 illis
316 3701 355 3754 ad
372 3707 495 3772 “speciem
515 3712 601 3774 atque
627 3701 667 3753 ad
688 3706 897 3781 usurpationem
919 3709 1066 3758 uetustatis
1086 3725 1139 3777 per

157 3807 236 3842 xxx
252 3786 364 3841 lictores
378 3789 567 3856 auspiciorum
583 3804 682 3840 caussa
697 3785 880 3850 adumbratis,
899 3791 1052 3843 constituti.
1067 3795 1136 3844 Sue-
1155 3794 1162 3811 ¹

127 3927 133 3933 ,
156 3870 346 3927 tonuerunt.
356 3869 529 3942 habebatque
545 3880 603 3922 tam
619 3872 719 3934 cultos,
730 3883 761 3925 ut
775 3883 892 3943 argento
910 3884 936 3925 et
950 3891 1018 3924 auro
1033 3874 1137 3945 politis

155 3960 242 4013 armis
258 3965 385 4020 ornaret,
413 3955 502 4010 simul
524 3954 604 4008 etad
619 3960 747 4031 speciem,
764 3968 791 4011 et
807 3975 861 4027 quo
874 3958 1027 4012 terracicres
1042 3977 1136 4014 eorum

159 4046 189 4098 in
213 4041 323 4115 proelio
347 4051 438 4094 essent
458 4052 532 4095 metu
551 4040 655 4095 damni·
689 4043 751 4097 vid.
760 4046 874 4098 Pontou.
887 4044 924 4095 ud
938 4045 1055 4106 Macrub.
1065 4047 1093 4111 2,
1108 4047 1135 4098 9.

155 4133 295 4185 burmann·
314 4125 348 4180 ud
363 4127 455 4183 Grutii
467 4128 564 4204 Gy'ncg·
584 4125 643 4181 177.
667 4130 702 4180 Et
717 4120 905 4183 diciturenim
918 4129 953 4184 de
968 4148 1005 4191 re,
1016 4146 1069 4181 uon
1084 4148 1134 4180 re-
