2618 4770
134 294 199 359 tae
618 275 690 342 AN.

135 442 307 507 observat.
323 431 490 500 Antibarb.
508 453 536 494 e.
550 431 581 495 6.
596 453 632 518 p.
649 431 725 496 466.
747 430 923 518 Zumptiue
936 443 1051 499 antem
1060 435 1173 501 Grem-

134 538 215 595 rnal.
230 530 306 592 ⁵41.
331 533 365 587 et
380 517 590 584 Gornhardus
609 518 644 580 in
670 517 797 604 Syllog.
816 517 957 582 Seebod.
972 542 1007 606 p.
1027 525 1080 585 19.
1102 521 1173 585 adeo

135 611 360 681 curriculum.
390 604 477 667 bunc
494 624 598 687 unnm
627 601 846 689 significatum
871 602 1112 671 affirmativum
1128 608 1174 670 in-

135 722 206 767 eaeo
225 700 259 763 iu
278 692 383 757 verbis
399 686 516 751 dubito
532 710 597 765 on,
633 699 663 752 et
687 688 778 773 quod
802 689 961 754 Germani
988 691 1108 755 dicunt
1127 691 1175 756 iob

137 783 267 851 nereida
283 777 340 854 ob,
371 772 479 837 latinis
506 774 613 838 verbis
641 773 786 860 exprimi
807 772 924 838 diabilo
946 799 1045 840 num.
1089 775 1174 841 lllam

137 858 222 939 emi
243 860 473 931 allirrnutivam
500 860 567 923 vim
595 858 717 945 ubique
739 858 849 924 valere
875 863 1007 947 negavit
1024 859 1175 929 Matthiae

136 958 171 1023 in
198 947 353 1019 8001)οάἰί-
374 944 504 1031 Syllog.
528 951 567 1022 2,
591 949 620 1007 1.
653 967 688 1030 p.
711 950 765 1010 27.
795 945 959 1030 Equidem
986 949 1016 1014 ai
1039 968 1174 1015 numere

134 1035 304 1133 tenerrima,
326 1053 450 1094 earara
474 1033 884 1116 auntpropte1·ea‚·quod
907 1032 1094 1120 scriptores
1113 1032 1176 1097 fre-

133 1132 284 1215 quentius
302 1115 453 1181 solebant
466 1116 605 1178 verbum
630 1114 747 1183 <tireno
769 1137 928 1205 usurpare
950 1118 993 1183 de
1014 1140 1054 1183 re
1073 1118 1173 1183 umbi-
1197 1178 1202 1203 ,

131 1230 194 1303 grta
220 1215 252 1270 et
276 1223 347 1266 non
379 1201 483 1286 magis
507 1201 686 1287 probabili.
744 1201 845 1283 Quod
886 1204 1093 1290 exprimitur
1120 1226 1174 1292 per
1202 1216 1205 1223 '

132 1317 197 1363 aa.
224 1299 272 1354 est
294 1310 340 1350 an
361 1299 502 1366 contra,
519 1289 709 1372 capotius.
753 1285 885 1352 Dubito
908 1312 956 1355 aa
973 1312 1065 1365 non,
1135 1289 1175 1357 od

129 1397 292 1462 nusquam
308 1310 1174 1463 seinvenicsenarretnamshornirneramin.pide.
1210 1380 1212 1459 ζ

129 1460 219 1529 reela
234 1459 432 1532 diciturne,
453 1469 489 1521 nt
506 1459 639 1544 negatio
657 1460 698 1525 ad
723 1458 861 1527 verbum
884 1459 1063 1550 pertineat.
1103 1462 1173 1527 Poe

129 1572 198 1615 non
213 1544 330 1611 (lechito
345 1545 500 1630 sequitur·
513 1545 606 1630 quain.
1125 1582 1128 1587 2

243 1667 298 1718 Cic.
319 1664 353 1715 ud
369 1667 442 1716 Fam.
459 1662 535 1728 9,7.
560 1668 631 1718 istuc
649 1666 744 1734 iprum
771 1663 807 1719 de
835 1665 917 1721 Baiis
945 1665 1082 1721 nonnulli
1103 1662 1174 1719 tuti·

197 1762 276 1815 tant,
300 1770 337 1805 an
361 1768 412 1820 per
439 1746 722 1804 Santinicm'veniat.
750 1751 772 1803 i.
785 1769 811 1806 e.
833 1760 867 1805 an
884 1752 993 1825 potine,
1011 1750 1051 1805 ob
1069 1748 1174 1833 erent
1210 1790 1212 1821 :

196 1838 272 1892 nrebr
293 1835 378 1888 durch
404 1835 552 1890 Sardinien
571 1834 698 1887 lommen
725 1835 825 1889 werde.
857 1837 930 1911 qood
953 1846 1012 1901 eet,
1038 1836 1172 1906 opinanter
1208 1898 1212 1923 Ι

135 1925 138 1929 ’
195 1934 332 1978 venturum
350 1939 422 1972 esse:
440 1937 506 1988 qnae
521 1936 569 1969 nos
587 1920 691 1970 scilicet
707 1921 820 1974 reddere
837 1923 968 1975 nolemus:
995 1919 1033 1976 ob
1054 1941 1088 1977 er
1104 1919 1172 1978 niele
1210 1976 1212 2001 ÷

131 2008 136 2015 '
195 2007 323 2062 kommen
342 2003 441 2058 werde.
475 2004 580 2056 Corncl.
602 2005 700 2059 Thrae.
723 2005 805 2070 1,1.
828 2007 856 2059 si
877 2027 932 2078 per
950 2025 980 2060 se
1004 2009 1097 2064 virtus
1119 2008 1170 2061 tint

189 2091 316 2166 fortuna
331 2088 518 2165 ponderanda
534 2092 588 2151 rit,
608 2087 726 2155 dubito,
753 2084 793 2144 an
811 2090 882 2147 bunc
905 2096 1030 2163 primunr
1058 2096 1169 2147 omne

136 2190 139 2195 '
194 2195 301 2253 ponam
344 2174 471 2237 Quinctil.
487 2172 524 2237 9,
538 2173 649 2238 8,·107.
666 2194 734 2232 nana
758 2194 927 2250 consequens
948 2198 987 2231 an
1009 2176 1167 2248 epichirema

194 2268 250 2324 sit,
269 2258 389 2317 dubitat.
414 2261 432 2312 i.
450 2279 474 2312 a.
493 2261 639 2328 coapiantur
656 2279 721 2314 essa
753 2263 810 2316 vid.
825 2265 962 2337 Spalding.
976 2263 1013 2331 ad
1030 2264 1065 2331 1,
1076 2261 1118 2329 5,
1129 2259 1164 2314 47.

193 2352 267 2402 Gurt.
283 2345 317 2412 4,
336 2342 368 2408 5,
386 2343 429 2398 30.
457 2343 559 2398 dicitur
581 2351 695 2401 acinace
717 2350 816 2401 stricto
844 2348 950 2405 Darius
968 2347 1120 2423 dubitasse,
1135 2366 1164 2400 aa

188 2429 283 2506 fugae
308 2428 427 2483 dedecus
444 2429 561 2485 honesta
586 2443 685 2487 morte·
701 2434 813 2488 vitaret.
831 2433 852 2489 i.
867 2452 892 2489 e.
906 2434 935 2485 in
953 2451 988 2485 eo.
1008 2442 1079 2501 erat,
1095 2442 1123 2485 ot
1136 2457 1162 2505 '.'

192 2521 302 2583 vitaret.
334 2517 438 2570 Gellius
454 2516 487 2582 1,
505 2516 531 2570 3.
553 2516 584 2570 id
601 2518 694 2588 ipsum
717 2527 811 2572 tamen
834 2522 865 2574 in
882 2519 949 2589 fine
961 2518 1073 2591 quoquc
1092 2519 1162 2580 vitae,

194 2625 233 2658 aa
258 2607 317 2657 inre
337 2613 433 2671 posset
459 2601 623 2673 reprebendi
647 2601 819 2675 culparique,
838 2601 990 2676 dubitavit.
1023 2602 1162 2672 Chilo-ipra

193 2689 312 2741 dixerate
331 2685 406 2758 quod
425 2698 518 2739 metuo
539 2708 581 2740 ‘ne
607 2709 625 2741 a
651 2687 737 2758 culpa
760 2706 817 2740 non
840 2688 1000 2745 abhorreat.
1032 2690 1161 2744 Hinacnn

193 2773 335 2842 negatione
359 2773 415 2824 Cic.
440 2773 474 2824 de
498 2773 550 2828 Off.
566 2772 603 2834 3,
621 2772 672 2838 12,
690 2776 733 2824 50.
758 2773 808 2827 sed
832 2771 951 2838 dubitet,
970 2795 1007 2831 an
1022 2793 1080 2830 nan
1097 2779 1161 2844 turpe

194 2863 241 2913 sit.
275 2858 432 2911 Locuseic.
450 2857 483 2909 ad
500 2861 557 2908 An.
573 2858 622 2922 10,
639 2857 665 2909 8.
685 2868 815 2914 tamenne
834 2859 1007 2926 dubitamus,
1028 2882 1068 2915 an
1083 2862 1108 2916 ei
1122 2874 1161 2911 ott

193 2945 279 2998 etiam
307 2961 368 2994 cum
393 2940 519 3010 periculo
542 2941 734 3006 venditemus.
764 2948 872 3016 quicum
895 2948 1038 3002 coniuncti
1058 2967 1092 3000 ne
1114 2960 1161 2998 caet

192 3030 316 3100 praemio
336 3025 446 3100 quidem
463 3025 604 3079 voluimus
631 3029 714 3081 esse?
742 3047 775 3080 ne
794 3031 875 3093 dietis.
891 3031 1024 3084 adversari
1047 3033 1160 3095 videatur,

196 3114 338 3165 tenendum
355 3111 422 3162 illud
441 3121 499 3174 est,
518 3129 575 3162 esse
592 3104 847 3184 inlerrogationem,
865 3126 893 3168 et
911 3117 1047 3171 ironicam
1063 3118 1161 3188 quiden·
1210 3122 1212 3149 ²

193 3199 329 3265 intellige:
349 3217 386 3249 un
403 3199 501 3267 potius
518 3196 700 3250 venditemus.

206 3300 357 3385 Denique
375 3299 552 3364 recentiori
570 3309 723 3391 tempore
740 3323 862 3388 quum,
885 3314 922 3367 ut
945 3305 1106 3391 exposui,
1127 3324 1164 3367 an

123 3387 284 3454 amisisset
309 3385 372 3448 vim
400 3385 650 3465 disiunetivam,
687 3388 785 3451 eliam
811 3387 929 3454 diabilo
953 3413 1002 3454 aa
1022 3391 1163 3478 negative

123 3495 222 3539 sensu
239 3472 279 3534 de
302 3492 337 3532 re
363 3467 451 3533 haud
474 3469 639 3555 probabili
661 3474 814 3563 usurpari
837 3475 960 3572 coepit.
1007 3469 1165 3563 Significat

65 3582 69 3589 ·
123 3561 240 3644 igitur:
265 3577 385 3643 parurn
402 3554 491 3618 abest
508 3555 587 3642 quin
604 3578 743 3645 negem:
768 3559 974 3627 dubitalrone
988 3561 1031 3625 ad
1048 3584 1165 3650 negan-

125 3649 205 3710 dum
220 3649 386 3726 vergente.

226 3765 297 3813 Cart.
323 3759 355 3823 9,
379 3760 413 3826 2,
440 3761 481 3813 10.
504 3762 642 3818 interdum
669 3761 837 3829 dubitabat,
866 3787 903 3820 an
929 3765 1109 3823 Macedones
1132 3776 1167 3820 tot

193 3850 294 3901 emensi
309 3850 404 3911 spatia
422 3858 571 3912 terrarum,
591 3850 620 3901 in
637 3852 697 3903 acie
713 3861 741 3903 et
759 3854 788 3904 in
813 3856 910 3905 castris
936 3846 1014 3906 senes
1026 3851 1108 3925 facti
1125 3871 1169 3926 ptr

192 3932 303 3985 obiecta
317 3929 449 3999 flumina,
473 3952 524 4000 per
551 3945 595 3986 tot
619 3945 736 3989 naturae
755 3934 898 3990 obstantes
924 3933 1169 4007 difficultatem

124 4058 127 4062 .
193 4020 305 4088 quaturi
331 4028 430 4069 essent.
465 4017 496 4080 7,
522 4019 554 4083 7,
583 4019 625 4073 18.
662 4022 788 4083 Quinctil.
817 4022 850 4085 9,
868 4021 900 4091 3,
925 4020 967 4074 65.
988 4023 1065 4095 quod
1084 4035 1169 4093 totum

195 4102 298 4174 pendet
317 4102 635 4177 caefinitionc,ideoque,
653 4126 689 4160 an
703 4102 811 4178 figura
828 4109 874 4170 sit,
893 4105 997 4163 dubito.
1015 4109 1083 4184 Plin.
1092 4110 1169 4180 Epist.
