2618 4770
1018 223 1031 258 c
1079 236 1085 243 .

127 319 191 386 524
616 310 685 374 Al'.

127 481 226 537 certa.
269 466 410 535 Librarii
425 468 512 532 enim
530 467 610 530 baec
635 465 833 554 plerumque
851 487 893 531 ex
908 489 970 532 suo
984 491 1087 536 more
1103 495 1177 536 con-

126 556 331 624 formarunt.
373 556 415 618 At
440 575 481 618 ue
503 553 625 639 legitur
650 551 771 637 atquin
793 553 829 615 in
852 554 1017 619 codicibus
1044 559 1179 644 quibus-

128 643 206 709 dam
237 642 374 705 Sueten.
408 576 543 725 iespas.
574 643 628 702 23.
662 637 754 701 Flori
776 643 814 718 3,
839 645 969 721 12,13.
998 644 1040 715 4,
1066 649 1107 723 2,
1130 647 1178 710 53.

128 728 323 794 Consentire
340 724 490 788 videntur
506 724 584 788 libri
600 723 689 810 apud
705 721 885 808 leianum
900 725 933 788 in
951 727 1079 812 Digest.
1096 730 1129 809 4,
1150 735 1178 803 3,

128 820 186 890 18,
211 819 241 879 3.
263 813 299 877 in
323 810 625 897 Tertull.Apolog.
646 815 678 872 2.
695 818 728 872 et
746 811 777 872 8.
797 819 829 872 et
847 813 900 874 41.
923 812 964 875 de
990 815 1134 879 Patieut.
1150 821 1178 879 3.

90 952 93 957 .
126 901 184 969 ubi
211 912 295 962 unus
323 895 430 962 codex
449 896 562 962 Vrsini
581 916 708 980 uquam
729 894 879 1043 praebet.
903 896 938 959 in
962 898 1114 969 Lactant.
1144 901 1181 966 de

126 970 518 1071 Pe1·sequut,mort.2b,
537 985 569 1045 81
592 981 626 1044 in
642 983 734 1043 Arno
761 1025 770 1044 .
790 985 822 1045 3.
852 1004 887 1069 p.
905 986 957 1048 67.
978 984 1072 1052 Elin.
1095 987 1181 1072 (144.

58 1080 62 1091 “
125 1070 219 1157 Iler.)
242 1072 276 1134 in
300 1067 458 1136 Prudent.
486 1065 636 1131 Cathem.
661 1067 816 1131 Prooem.
839 1068 893 1133 34.
921 1068 1040 1133 Perist.
1067 1075 1106 1152 6,
1130 1077 1181 1136 79.

7 2018 81 2079 alu*

31 2092 82 2259 ‘l

126 1156 172 1224 ita
196 1164 234 1220 ut
257 1154 338 1218 hoec
363 1152 402 1217 ab
426 1153 507 1239 ipsis
536 1150 743 1230 auctoribus,
776 1152 834 1238 qui
862 1157 1069 1222 recentiores
1094 1168 1182 1240 sunt,

125 1239 277 1331 prosecta
300 1237 484 1307 videantur.
911 1273 914 1279 .

208 1363 227 1405 *
252 1359 303 1428 Dc
318 1359 580 1456 commutatione
601 1358 782 1425 verborum
801 1371 901 1448 atque
924 1369 957 1426 et
982 1363 1086 1460 atqui
1110 1363 1182 1427 vide

123 1445 158 1515 iu
176 1463 310 1525 aTQvtt.
353 1444 650 1517 Distrahcndorum
672 1444 885 1531 exemplum,
912 1459 951 1530 at
973 1465 1055 1534 qui,
1078 1449 1180 1514 Micb.

124 1530 347 1619 Heusingerus
364 1552 433 1597 esse
448 1530 553 1597 voluit
570 1532 605 1594 in
626 1529 694 1595 Cic.
712 1531 753 1596 de
769 1530 837 1599 Off.
854 1537 894 1616 3,
916 1539 977 1617 33,
997 1539 1033 1600 3.

0 1675 489 1887 ,wisentowa
595 1731 735 1821 ,1νρ

14 1844 201 1965 additos

219 1792 483 1922 ἦςχῧῑωυγυμ
521 1862 526 1869 ,

206 1920 293 1985 Haec
316 1917 517 1995 interiectio,
550 1940 651 2006 quam
672 1919 856 1983 Priscianus
883 1920 932 1984 15.
958 1942 993 2007 p.
1018 1924 1115 1984 1024.
1136 1920 1172 1982 ad

124 2005 294 2071 sonituum
317 2005 552 2069 illiteratorum
575 2004 776 2068 imitationes
798 2002 916 2085 refert,
948 2029 965 2068 a
989 2005 1170 2070 lexicorum

123 2090 310 2157 auctoribus
333 2101 366 2153 et
391 2113 408 2154 a
432 2091 551 2155 criticis
579 2091 705 2153 mirum
725 2089 762 2152 in
788 2091 942 2153 modum
958 2103 1086 2155 versata
1118 2103 1169 2155 est.

121 2175 271 2241 Donatus
287 2175 327 2239 ad
344 2175 481 2240 Terent.
496 2174 599 2239 Andr.
618 2177 658 2255 4,
678 2174 718 2255 4,
743 2181 795 2239 12.
819 2175 859 2238 ad
880 2175 965 2239 Eun.
989 2177 1031 2251 4,
1057 2178 1097 2250 4,
1123 2182 1167 2240 13.

121 2261 162 2340 6,
184 2267 223 2340 2,
244 2266 297 2325 60.
320 2261 621 2326 consternationem
640 2268 672 2322 et
688 2260 977 2325 conturbationem
1003 2263 1108 2326 animi
1128 2263 1166 2325 ita
1195 2252 1209 2291 ³

121 2347 267 2434 exprimi
283 2346 373 2410 dicit.
414 2346 478 2409 Alii
495 2356 605 2409 autem
624 2345 702 2409 huic
729 2347 802 2411 voci
826 2345 977 2409 tribuunt
1000 2349 1071 2413 vim
1094 2347 1165 2411 abo-

120 2431 287 2509 minandi,
314 2431 495 2511 excitandi,
524 2429 746 2512 admonendi,
770 2431 823 2496 alii
839 2442 988 2505 metum,
1011 2433 1065 2496 alii
1087 2433 1165 2497 indi·

120 2517 312 2605 gnationem
328 2510 524 2602 intelligunt.
548 2517 674 2580 Omnes
688 2528 799 2580 tamen
814 2527 946 2605 praeter
966 2538 1072 2581 unum
1083 2521 1164 2584 Gro-

119 2601 278 2680 novium,
302 2602 356 2686 qui
372 2622 488 2665 verum
508 2604 678 2688 perspexit
695 2603 749 2686 (ad
765 2602 868 2667 Plaut.
891 2605 964 2667 Cas.
988 2608 1030 2686 4,
1053 2609 1104 2685 3,-
1114 2603 1165 2688 4.),

120 2687 291 2752 falluntur.
307 2686 421 2771 '3Nam
438 2687 563 2751 collatis
582 2688 736 2751 omnibus
764 2687 921 2775 exemplis
944 2709 1011 2752 una
1037 2700 1166 2776 apparet

120 2773 257 2841 voculae
274 2783 437 2859 potestas,
462 2773 586 2859 duplex
610 2773 721 2839 forma
746 2774 948 2837 1111111111.
992 2775 1165 2856 vritur-ea,

68 2864 70 2870 '
119 2861 177 2946 qui
193 2859 392 2937 admiratur,
415 2859 587 2944 quomodo
607 2858 741 2945 aliquid,
763 2848 853 2945 quod
868 2859 1012 2924 nimium
1029 2871 1086 2924 aut
1103 2883 1166 2925 non

11 2968 34 2981 ··
115 2944 309 3096 probabile,
331 2966 391 3008 nec
409 2943 579 3022 credibile,
601 2966 662 3008 nec
679 2945 842 3032 optabile,
860 2945 1009 3020 videtur,
1037 2947 1103 3010 dici
1118 2958 1166 3011 aut

144 3031 190 3095 eri
214 3030 336 3116 possit,
369 3029 513 3094 admixta
546 3050 643 3117 saepe
675 3029 901 3116 indignatione
922 3033 1017 3095 inre
1041 3043 1167 3119 practer

117 3140 140 3183 o
167 3116 315 3180 inionem
333 3116 518 3193 exsistente.
561 3115 645 3179 Hinc
662 3115 689 3178 is
707 3137 840 3201 quoque
856 3115 901 3181 ita
923 3116 1093 3203 loquitur,
1114 3119 1165 3204 qui

117 3139 240 3289 aliquid
257 3200 426 3286 repudiat,
449 3213 505 3264 aut
521 3201 674 3286 precibus
699 3201 818 3280 instat,
840 3212 877 3263 ut
901 3224 953 3269 res
978 3200 1074 3266 aliter
1097 3202 1176 3276 fiat:⁴

33 3328 35 3333 «
115 3310 219 3439 punse
232 3309 329 3372 saepe
345 3296 594 3372 componuntur
611 3309 656 3350 au
671 3285 818 3351 obsecre.
863 3288 933 3351 Nos
950 3287 1092 3353 dicimus
1108 3289 1165 3353 acb

139 3374 296 3440 ewalde!
319 3371 383 3435 acb
396 3373 485 3456 geli!
508 3370 576 3436 Nec
591 3375 703 3458 negari
721 3384 834 3460 potest
850 3374 1005 3462 cognatio
1024 3396 1166 3462 praepo-

117 3459 248 3535 sitionis
267 3458 364 3522 1111111
387 3453 532 3543 aufugio
557 3469 590 3521 et
616 3455 755 3547 aufero,
802 3481 862 3524 uae
885 3457 1014 3546 proob
1032 3460 1164 3525 dicitur-z

117 3560 321 3642 quamquam
344 3541 468 3608 Gellius
498 3543 555 3624 15,
580 3549 611 3610 3.
630 3546 750 3632 11111111
775 3482 922 3631 (ligoram
938 3557 1065 3632 putat,
1096 3568 1165 3612 eer-

115 3654 201 3696 sune
229 3642 276 3694 sit
308 3640 340 3694 et
371 3637 508 3692 uastata
533 3627 584 3692 cb
606 3630 823 3717 praepositio
851 3631 890 3694 in
915 3655 968 3697 au
999 3631 1165 3718 syllabam

113 3728 261 3805 propter
292 3714 471 3779 lenitatem
501 3715 608 3792 uocis,
631 3740 691 3781 ‘uu
718 3717 838 3802 potius.
859 3726 913 3780 oia
931 3717 1165 3803 porticulusit

90 3803 262 3953 --·prppria
277 3801 424 3886 origine.
470 3801 564 3864 Certe
579 3793 798 3866 inteiiectioni
814 3807 902 3869 r'eete
923 3803 1105 3870 tribuimus
1126 3802 1164 3868 si·

116 3889 170 3977 gn‘
199 3888 362 3951 catiouem
376 3885 602 3951 refutationis:
626 3885 727 3951 absit.

229 4005 514 4070 Ρ11111.811111.1,3,
533 4005 682 4073 withan,
706 4005 788 4060 nulla
813 4006 866 4063 tibi
889 4006 988 4078 lingua
1014 4018 1075 4071 ert,
1103 4027 1168 4082 quac

177 4091 294 4163 *quidem
315 4089 406 4153 dicat,
431 4091 539 4145 Dabo?
559 4090 826 4158 uiss3‚15.uau,
852 4089 971 4147 voluisti
997 4094 1072 4149 istuc
1098 4112 1168 4149 scne-
1194 4095 1199 4100 ’

183 4195 245 4230 ram
266 4171 388 4245 faeere?
412 4170 522 4230 Terent.
549 4175 673 4244 1111114,
691 4176 726 4245 3,
744 4174 787 4233 14.
813 4197 850 4232 au
874 4176 1004 4245 obsecre,
1032 4199 1097 4236 moa
1116 4180 1170 4254 Py-
