2618 4770
145 258 215 349 2⁰4
263 255 268 275 '

48 400 54 408 ¹
214 425 259 474 tc,
282 420 310 465 et
331 403 608 472 coacti-celebremus
633 408 772 462 honorem.
806 407 915 461 Terent.
935 406 1018 461 Andr.
1033 404 1074 484 ,5,
1099 406 1146 470 2,,

164 500 167 505 ’
213 518 266 571 age
277 492 433 548 nunciam.
453 504 612 575 quaerum,
641 504 672 565 ut
689 483 844 544 videbantur
867 493 986 545 Bentleio
1011 492 1066 562 (ad
1082 492 1146 541 nde

209 583 243 648 5,
269 578 303 644 4,
331 579 411 646 23),
436 579 580 629 cohaerent
606 597 664 629 cum
686 580 765 629 verbo
791 577 955 643 ostendam,
986 578 1035 630 sed
1060 578 1146 629 Chre!

212 686 291 738 quum
312 669 428 727 Dromo,
451 683 516 732 quae
533 666 649 727 faceret,
666 664 800 727 iussisset,
828 664 917 714 addit:
951 684 1005 736 age
1031 652 1104 716 auno
1126 664 1146 714 ι’.

212 757 270 815 ἰ.,ο.
297 771 352 802 nun
374 738 476 802 maele.
511 751 553 800 Sic
578 752 612 799 in
627 750 749 800 formulis
773 767 845 820 ago,
870 749 981 821 siquid
1002 753 1075 820 agir.
1109 749 1143 798 Pl

131 883 134 891 .
177 903 179 909 Α
211 841 285 892 Trio.
302 836 335 899 4,
353 837 387 897 2,
407 834 465 887 139.
484 836 564 885 Stich.
580 833 612 896 5,
632 832 666 897 4,
681 829 724 886 35.
741 853 810 904 age,
826 843 857 885 ut
875 833 1096 888 lubethereat.
1112 836 1146 882 Ar

210 928 244 985 2,
272 925 304 984 l,
331 922 461 988 laage,
485 905 514 970 iet
530 922 581 971 vir.
612 921 694 969 Plaut.
719 921 776 969 Cas.
801 919 833 981 2,
852 917 885 983 6,
905 917 947 972 53.
971 928 999 972 et
1020 920 1116 970 similia
1131 937 1146 968 a

212 1010 269 1060 Mil.
285 1006 318 1072 4,
340 1007 373 1069 2,
390 1004 433 1057 33.
456 1009 527 1078 Bere.
541 1001 573 1067 4,
592 1004 624 1067 4,
644 1002 687 1054 58.
706 1007 769 1055 -Cas
784 1005 819 1067 2,
837 1003 870 1066 8,
889 1002 936 1069 52.Ι
954 1023 1008 1075 age
1023 1004 1146 1076 niodo:-

211 1092 362 1146 bricamini.
381 1092 452 1159 quod
467 1102 506 1141 est
517 1086 570 1158 fac
585 1089 686 1140 modo:
707 1087 851 1143 immertrin
865 1089 930 1143 thee
947 1108 985 1144 es.
1002 1092 1111 1141 Terent.
1124 1090 1146 1139 E

206 1177 241 1239 2,
261 1176 293 1239 2,
311 1172 353 1225 51.
371 1196 424 1246 age
438 1175 543 1228 modo.-
560 1176 631 1228 nisae
649 1172 701 1229 ribi
716 1184 817 1244 patent
830 1170 986 1244 laesores.

142 1277 207 1344 Sed
224 1279 280 1341 nbi
301 1279 485 1366 simplicem
509 1278 673 1343 excitandi
697 1279 748 1343 vel
768 1277 967 1342 adhortandi
991 1275 1045 1342 vel
1069 1298 1146 1362 conc

141 1366 240 1428 (leudi
257 1374 289 1428 et
313 1365 514 1453 corripiendi
535 1363 810 1450 significationem
836 1363 986 1442 exhibet,
1016 1386 1086 1449 age
1108 1385 1144 1426 co

35 1456 44 1469 '
102 1501 104 1506 .
138 1451 409 1514 iunctionisloeo
436 1451 591 1538 ponitur,
615 1442 759 1537 ideoq'ue
781 1451 914 1514 additur·
936 1460 968 1512 et
989 1448 1146 1535 imperati·

140 1547 173 1599 et
200 1538 439 1614 coniunctim,⁴
458 1536 592 1623 aliisque
616 1538 752 1601 inservit
773 1535 1084 1599 constructionibus.
1109 1537 1146 1611 ⁴,tl

29 1658 31 1665 ›
91 1680 95 1695 ,
140 1644 203 1708 que
219 1622 308 1684 hunc
325 1644 421 1684 usum
438 1625 525 1684 nunc
541 1622 781 1693 describamus,
805 1623 895 1696 cuius
918 1620 1042 1768 triplex
1058 1630 1108 1682 est
1126 1644 1146 1706 g

31 1708 36 1721 '
60 1780 62 1786 k
137 1724 211 1771 nus.
232 1709 409 1773 Bceclerus
425 1708 457 1769 in
478 1709 632 1771 omnibus
646 1700 806 1794 exemplis
824 1705 907 1769 nihil
922 1707 954 1768 vi
980 1717 1010 1769 et
1026 1706 1091 1769 nisi
1107 1728 1143 1768 or

137 1795 236 1857 tionis
254 1795 555 1881 complementum,
582 1795 672 1879 quod
685 1796 758 1879 ipso
778 1813 839 1855 usu
854 1792 961 1855 :decus
982 1802 1014 1854 et
1039 1793 1106 1855 vim
1123 1791 1142 1854 h

95 1900 99 1915 ’
138 1880 216 1943 bere
239 1880 402 1965 coeperit,
433 1879 646 1942 asseverando
667 1879 882 1956 sententiam,
916 1878 968 1941 cui
992 1877 1146 1947 subservit

95 2018 97 2023 .
135 1968 243 2051 Atque
260 1987 295 2027 re
315 1987 388 2027 vera
408 1986 504 2050 saepe
528 1986 599 2027 non
619 1975 754 2050 augetur
777 1963 886 2027 addita
900 1963 962 2026 hae
983 1964 1101 2027 vocula
1120 1985 1146 2026 at

136 2073 246 2114 merus
262 2050 458 2129 notionum,
487 2050 544 2112 sed
565 2050 764 2136 exprimitur
787 2071 899 2113 sensus
922 2060 954 2112 et
978 2048 1080 2112 animi
1103 2049 1146 2111 all

136 2148 223 2213 etus,
247 2132 301 2196 vel
314 2136 349 2197 in
366 2130 531 2198 sermonis
556 2134 710 2217 decursu,
733 2135 783 2201 vel
806 2158 869 2224 per
888 2136 938 2199 rei
961 2137 1145 2223 praesentia

134 2230 335 2284 commotus.

215 2320 241 2384 I.
289 2327 318 2384 t.
350 2323 537 2419 Vsurpatur
560 2320 569 2384 i
594 2322 659 2385 itur
680 2340 752 2388 AGE
773 2324 808 2387 in
836 2334 1046 2410 quacumque
1063 2342 1146 2384 evoe

132 2407 224 2485 tione
241 2418 272 2469 et
292 2406 521 2493 adhortatione
542 2346 765 2472 veghementius
791 2419 822 2473 et
842 2413 1002 2481 instanter
1028 2428 1146 2494 pronai

132 2493 223 2558 tiata.
268 2493 486 2579 Coniungitur
512 2511 588 2556 cum
611 2494 806 2581 imperativo
835 2506 863 2557 et
892 2490 1104 2558 co'niunetivo
1128 2515 1142 2555 s

134 2577 260 2651 eundae
280 2590 312 2642 et
327 2580 442 2642 tertiae
458 2601 620 2664 personae
630 2629 639 2660 ,
662 2591 694 2643 et
711 2586 788 2643 eum
805 2579 968 2643 infinitivo
994 2577 1147 2665 imperati

24 2658 25 2662 ¹
88 2742 90 2747 ,
133 2663 230 2741 loce,
252 2676 289 2726 ut
305 2666 421 2728 Graeci
438 2664 565 2742 solent,
589 2666 710 2750 posito.
754 2667 858 2752 Saepe
874 2666 1028 2729 adhaeret
1043 2685 1134 2728 nrrnc

133 2750 222 2827 iam,
241 2751 330 2835 quod
347 2751 451 2813 critici
468 2772 548 2812 curn·
558 2751 682 2830 verbis,
705 2772 787 2837 quae
803 2763 1005 2837 sequuntur,
1022 2750 1146 2814 cohaen

131 2857 168 2896 re
187 2835 455 2921 interpunctione
481 2847 606 2898 notant.
647 2837 718 2901 >Sed
735 2846 790 2900 aut
805 2838 867 2901 ista
883 2837 1041 2918 vocabula
1057 2836 1146 2921 signit

1 2934 3 2941 ’
68 2960 70 2964 -
132 2921 255 2983 cantiae
276 2943 385 2984 caussa
402 2921 511 2984 addita
527 2932 604 2984 sunt
622 2922 722 2984 verbo
740 2947 827 3009 age,
855 2935 909 2986 aut
925 2923 1083 3007 orationis
1101 2945 1146 3008 pa

130 3015 179 3068 tes
195 3006 239 3072 ita
260 3018 397 3075 cocunt,
423 3017 460 3069 ut
477 3009 615 3070 omnino
632 3007 721 3069 nulla
741 3031 824 3094 opus
841 3011 882 3072 sit
898 3007 1147 3095 interpunction

129 3090 251 3153 Errant
269 3114 364 3167 vero,
387 3092 493 3178 quiin
509 3091 575 3155 hoe
593 3091 753 3157 vocabulo
781 3095 850 3158 vim
877 3104 1039 3181 quaerunt
1063 3116 1146 3156 cons

50 3168 55 3188 ¹
130 3176 318 3262 quntivam:
352 3173 388 3239 ea
411 3177 499 3240 enirn
522 3178 591 3241 istis
613 3177 943 3265 uerbispcontinetur,
972 3201 1055 3265 quae
1082 3202 1146 3268 sae]

130 3262 313 3341 adduntur,
339 3285 439 3347 erge,
456 3263 553 3343 ἰἀῙη,
574 3264 693 3350 egitur.
757 3298 759 3303 v

233 3383 309 3431 Conf.
329 3384 431 3433 Servius
453 3384 487 3435 ad
508 3385 602 3453 Virgil.
622 3387 686 3436 Aen.
713 3383 746 3451 3,
771 3383 833 3439 362.
870 3387 990 3443 Donatus
1012 3385 1046 3435 ad
1069 3386 1146 3436 Terei

194 3465 298 3523 Pho'rm.
319 3468 350 3525 1,
367 3466 400 3530 4,
422 3466 465 3524 63.
1043 3498 1046 3505 ’

228 3571 312 3625 Plaat.
336 3570 392 3625 Mil.
414 3572 449 3642 gl.
470 3570 557 3635 2‚j3‚
578 3568 620 3628 64.
649 3591 702 3642 age
720 3569 803 3643 face,
835 3575 912 3624 Poen.
936 3572 969 3637 3,
994 3571 1028 3636 5,
1053 3572 1099 3626 39.
1124 3593 1146 3643 a,

194 3658 449 3720 omitteactatam,
476 3653 616 3730 furcifer,
645 3660 823 3728 marsupium.
845 3660 916 3708 Asin.
938 3655 974 3720 4,
1004 3659 1035 3721 1,
1061 3655 1086 3708 5.
1114 3677 1146 3728 ag

195 3759 314 3812 quaeso,
336 3746 390 3803 nri,
414 3742 503 3796 hercle
519 3743 667 3810 translegc.
702 3746 809 3796 Terent.
824 3744 917 3794 Heaut.
942 3742 976 3803 2,
995 3741 1028 3804 3,
1047 3741 1090 3793 91.
1113 3761 1146 3812 ag

194 3844 249 3895 age
263 3825 330 3878 cedo
345 3829 416 3878 istuc
431 3839 506 3884 tuum
523 3826 678 3896 consilinm.
724 3830 807 3898 Plaut.
824 3829 881 3879 Cas.
904 3828 938 3889 2,
956 3829 990 3888 2,
1008 3827 1052 3880 38.
1069 3847 1144 3897 appr

192 3929 261 3979 pera
276 3928 344 3979 age,
362 3910 471 3973 arrabo.
507 3915 560 3965 Cic.
573 3906 613 3985 ‚pi
633 3917 712 3966 Rosc.
733 3906 788 3962 Am.
811 3911 860 3977 16,
878 3908 922 3962 48.
941 3931 994 3981 age
1010 3908 1146 3993 nunc'rej

132 4064 136 4069 Ι
193 3997 334 4059 animum,
361 3999 414 4060 sir,
440 3997 651 4053 advertentem.
695 4001 805 4050 Terent.
828 3997 931 4047 Phorm.
954 3994 1036 4060 5,3,
1057 3997 1101 4050 28.
1122 4019 1146 4068 ap

20 4068 21 4075 ¹
127 4076 145 4147 ’ᾗ
187 4077 257 4148 fiat.
275 4081 385 4162 „Helua
404 4081 438 4148 5,
455 4083 488 4153 l,
506 4083 622 4157 75.vage
637 4085 708 4147 iam,
729 4101 842 4136 uxorem
866 4093 896 4135 ut
923 4093 1061 4144 accersat,
1084 4102 1146 4155 pare
