2618 4770
135 320 201 383 tos
361 310 625 395 asrrovtn.
670 299 967 396 rurntovm.
1071 350 1077 361 ,

205 473 285 543 prins
303 471 411 543 insequi
430 467 616 533 destiterunt,
630 484 713 542 quam
727 467 768 522 ad
788 466 920 523 Rhenum
937 472 1108 544 peruenirent.
1122 473 1149 527 ia·
1180 471 1188 519 t
1203 472 1204 479 ’

205 849 289 903 qrram
312 829 410 884 Verres
427 839 589 901 praeturam
602 839 698 899 petere
714 834 845 900 coeperit.
951 857 964 899 s
1048 849 1051 854 ·
1155 885 1158 893 ‚

221 938 240 974 ³*
256 931 394 996 Librarii
412 931 546 1017 quando
562 932 597 995 in
615 931 863 998 constructione
878 931 1058 998 verborum
1072 931 1151 996 haara·
1181 918 1204 997 ff'

139 1019 237 1098 bant,
268 1018 490 1105 inpromptu
513 1017 553 1081 iis
577 1028 646 1081 erat
669 1017 870 1083 vocabulum
894 1031 977 1084 ante
999 1039 1092 1097 usam,
1110 1036 1150 1103 quo
1189 1062 1194 1083 .

138 1103 301 1170 deficienti
318 1103 545 1190 perspicuitati
561 1112 801 1168 succurrerent.
821 1113 835 1140 ·’
847 1104 902 1187 Sic
918 1105 955 1169 in
975 1044 1044 1170 iii.
1058 1109 1104 1177 21,
1121 1109 1151 1176 11,

138 1196 170 1255 9.
195 1199 412 1277 scripseruntz
450 1189 566 1286 itaque
589 1199 775 1276 antequam
804 1189 1025 1270 caederetur,
1042 1185 1152 1263 ,ruebat
1184 1205 1204 1223 “

138 1298 203 1365 pro
221 1297 273 1355 eo,
292 1275 386 1362 quod
399 1275 432 1339 in
442 1273 637 1339 melioribus
652 1285 758 1339 exstat
774 1275 1152 1362 libris‘iatius'quamcce

139 1361 293 1438 deretur,
315 1362 404 1449 quod
427 1371 476 1424 est
499 1383 602 1449 quam
626 1361 684 1448 qui
708 1360 919 1426 caederetur.
962 1359 1121 1449 Incognita
1130 1359 1153 1422 iia
1192 1412 1204 1433 „

139 1458 209 1512 erat
223 1448 309 1511 ratio
334 1446 547 1512 coniunctiri.
595 1447 716 1511 Ascon.
741 1447 932 1514 Commin
950 1448 1027 1512 ,cta
1047 1445 1154 1516 oratii
1203 1506 1204 1528 ,

138 1535 247 1597 Pison.
263 1557 297 1620 p.
315 1536 390 1598 517.
414 1531 547 1596 Schiitz.
576 1543 657 1596 unte
672 1530 845 1598 biennium
866 1545 984 1598 nartem
1007 1544 1156 1620 antequam
1192 1542 1195 1610 ἵ

136 1619 397 1768 instituerentur
426 1617 593 1706 collegia,
620 1628 683 1682 etc.
742 1617 900 1711 Patriciae
930 1619 1077 1684 correxit
1104 1626 1166 1683 autc'

160 1726 350 1791 .a.qunm.
484 1739 486 1743 ν
936 1730 938 1735 ·
1100 1734 1105 1741 ·
1195 1731 1204 1793 q

219 1826 448 1901 sarriana
471 1821 657 1886 lexicorum
689 1830 838 1886 auctores
865 1822 1077 1888 constituant
1097 1833 1158 1887 tan·
1196 1840 1204 1874 r

139 1932 237 1998 quam
259 1910 395 1973 alteram
412 1909 507 1972 unius
522 1906 673 1973 vocabuli
687 1906 847 1972 foratam.
889 1908 1048 1974 Dukerus
1064 1909 1102 1973 ad
1113 1909 1159 1987 Iit,
1198 1923 1204 1963 t

137 2000 179 2062 35
190 2023 203 2074 ,’
221 1998 283 2072 25,
307 2000 339 2059 3.
366 1993 494 2080 primus
508 1995 664 2079 negavit,
680 2003 805 2057 veteres
826 1993 872 2071 ita
888 2014 1050 2080 umquam
1065 1995 1160 2082 icqua-
1199 1986 1204 2050 i

137 2095 191 2146 tos
216 2103 302 2153 esse,
340 2078 608 2164 scriptorumque
631 2078 737 2143 ullum
762 2078 922 2160 inveniri,
962 2082 1000 2144 in
1018 2101 1161 2167 quocun

137 2168 220 2232 boni
244 2165 319 2229 libri
341 2176 422 2230 ante
446 2163 652 2250 praeberent.
702 2165 766 2243 vCui
785 2166 1003 2239 assensisunt
1023 2168 1162 2251 Gesncrus

137 2255 173 2319 in
196 2251 387 2330 Thesauro,
427 2259 459 2319 et
481 2249 652 2328 Ernestius
668 2249 714 2329 ,in
736 2251 826 2314 notis
850 2250 891 2329 ad
912 2250 1067 2317 Turseli·
1104 2249 1163 2328 ,Sed

140 2336 230 2425 quod
248 2338 279 2399 in
296 2335 357 2398 hac
372 2336 532 2399 sententia
549 2335 690 2401 nimium
707 2335 894 2416 videbatur,
911 2329 914 2335 ’
929 2338 1112 2425 prudenter
1125 2359 1163 2400 rc·

138 2422 271 2487 strinxit
286 2421 468 2485 Schellerus
484 2444 519 2508 p.
535 2425 626 2486 790.:
648 2421 682 2485 in
699 2433 806 2495 antea
822 2444 936 2520 quam,
951 2422 1016 2488 nisi
1034 2425 1070 2489 in
1085 2443 1165 2505 unum

136 2507 333 2573 vocabulum
353 2507 407 2570 ine
434 2517 464 2571 tc
480 2508 603 2585 coniun
627 2518 779 2581 crentur,
804 2506 888 2571 mhil
917 2532 1004 2581 esse,
1040 2533 1106 2596 quo
1124 2506 1165 2581 οἱ·Ι

136 2594 360 2660 foederamur.
401 2530 437 2655 iii
459 2594 526 2656 Cic.
541 2616 594 2680 pr.
604 2531 723 2658 itatis.
740 2593 831 2680 perd.
847 2599 879 2675 9,
900 2598 952 2659 25.
980 2595 1090 2682 Epist.
1104 2592 1164 2659 iam.

139 2686 198 2761 10,
221 2684 271 2744 16.
292 2678 387 2741 Brut.
412 2678 453 2742 ad
478 2679 547 2742 Cic.
577 2685 633 2758 11,
661 2684 718 2757 13,
742 2684 773 2742 7.
810 2679 880 2742 Liv.
904 2685 964 2758 38,
990 2682 1054 2757 25,
1079 2689 1107 2746 1.
1126 2679 1165 2757 tr,

136 2768 199 2839 47,
221 2771 253 2828 2.
283 2764 404 2851 legitur
424 2770 459 2828 in
483 2764 551 2829 aliis
576 2763 668 2828 libris
690 2774 782 2829 ante.
821 2762 861 2827 In
882 2762 976 2842 Curti
1005 2767 1046 2843 5,
1066 2767 1105 2843 4,
1126 2767 1165 2830 28.

137 2852 278 2915 editores
297 2849 445 2913 fecerunt
460 2861 686 2936 anteaquam,
725 2844 816 2936 quod
840 2848 874 2913 in
895 2849 988 2914 libes
1009 2863 1061 2916 est
1080 2865 1165 2935 ¹uate·¹

135 2960 248 3024 quam.
277 2936 375 2999 Nulla
401 2946 512 2998 tamen
535 2936 670 3001 varietas
687 2945 825 3023 apparet
846 2934 881 2998 in
897 2936 968 3001 Liv.
987 2939 1049 3014 35,
1073 2939 1164 3015 25,8.

134 3021 268 3086 Acbaei
282 3045 349 3084 non
367 3032 471 3084 antea
488 3022 565 3084 arisi
579 3043 754 3107 capessere
770 3019 911 3103 bellum,
933 3044 1038 3109 quam
1055 3021 1098 3088 ab
1110 3018 1165 3087 tto-

134 3109 193 3170 mu
221 3107 440 3170 reuertissent
461 3105 583 3192 legati.
611 3107 646 3170 in
663 3107 732 3169 Cic.
749 3107 788 3169 nd
805 3106 895 3171 Fam.
912 3112 953 3188 3,
976 3111 1016 3189 6,
1039 3111 1072 3172 4.
1091 3108 1163 3196 quin,

135 3214 200 3277 ego
216 3190 285 3253 nisi
300 3213 468 3254 successor
492 3213 616 3271 essem,
643 3213 740 3278 quem
762 3204 800 3256 tn
823 3214 961 3277 cuperes
985 3193 1115 3273 uidere,
1139 3203 1164 3256 te

135 3287 251 3359 antea,
261 3296 364 3361 quam
377 3272 441 3338 tibi
454 3299 641 3340 successum
656 3288 751 3350 esset,
772 3275 986 3342 decessurum
992 3276 1114 3366 sitisse.
1133 3297 1164 3340 ex

132 3383 201 3424 uno
218 3371 347 3423 tantum
371 3359 457 3423 libro
484 3362 640 3428 Graevius
664 3363 802 3428 notavit,
816 3374 909 3427 unte.
954 3364 1061 3429 Pauca
1082 3366 1092 3428 i
1114 3365 1163 3427 itur
1201 3366 1204 3441 i

133 3458 210 3511 sunt
225 3444 375 3532 exempla
397 3455 429 3507 ct
450 3447 494 3509 ob
519 3447 603 3512 hanc
625 3449 733 3535 ipsam
757 3469 905 3512 caussam
929 3447 1040 3514 dubia.
1083 3389 1163 3514 iistis

132 3543 244 3597 tamen
258 3553 329 3597 non
349 3529 469 3607 obstat.

292 3716 606 3806 ANTIDEA.
659 3716 1025 3814 ANTIDHAC.

212 3887 399 3951 ANTHJHAG
411 3885 450 3948 ab
463 3885 605 3976 antiquis
620 3884 838 3972 scriptoribus
855 3909 919 3972 pro
939 3889 1089 3969 antebac
1102 3883 1164 3958 dici,

128 3969 323 4058 interposita
344 3972 505 4035 litteraD
532 3971 575 4034 ob
600 3970 727 4035 hiatum
759 3971 967 4054 tollendum,
1006 3975 1041 4037 in
1064 3972 1165 4039 lexicis

107 4055 1167 4235 ..gffpgfqpcp4535?ssanngqqqs·13‚33.‚5gs.ssqq3
