2618 4770
601 301 771 379 Affffi
1123 314 1217 389 'mr

147 458 328 545 nataae,
352 460 395 527 cf.
413 459 570 549 Heusing.
586 461 627 528 ad
644 461 710 529 Cic.
728 461 771 529 de
785 461 853 529 on.
871 468 909 546 1,
930 468 971 547 8,
998 471 1028 533 1.
1071 467 1213 555 Progre-

125 622 140 627 ,Δ
159 545 253 612 ditur
268 547 358 611 enim
372 568 434 634 per
451 545 538 613 banc
561 547 742 615 formulam
767 548 1027 633 demonstratio,
1082 574 1211 621 raesen-

113 700 119 705 ,
138 648 141 653 ·
158 632 225 696 tim
240 632 276 695 in
295 632 450 697 rebusad
469 633 654 699 doctrinam
677 635 935 722 pcrtinentibus,
959 575 1211 725 apprdlaendens

158 727 196 782 et
212 719 385 783 continens
404 719 548 806 singulas
563 730 693 809 partes,
717 731 750 786 et
772 744 869 813 saepe
891 742 954 810 per
976 723 1097 810 gradus
1117 727 1211 814 quasi

160 803 376 868 adscendens.
704 823 705 826 ’
1055 848 1057 853 ,

272 906 363 958 InCic.
372 905 404 958 de
412 905 470 957 rin.
478 897 613 970 8,17,68.·
624 906 736 971 Acadsl,
745 901 837 973 10,86.
844 918 872 962 et
879 908 944 962 alibi
957 920 1000 965 ter
1010 909 1125 979 positum
1133 910 1205 980 legi·

191 986 201 1002 ”
231 999 285 1051 tur,
306 989 623 1060 quaterAced.1,10,86.
640 990 684 1041 llis
696 982 1041 1063 positonihill'requentlus.
1057 996 1208 1071 vidaWQ-

229 1060 1209 1151 immmmnmmmmfflwmmm

227 1159 257 1210 2.
274 1159 367 1212 dicam
386 1169 479 1212 autem
488 1156 660 1227 oliorplora
675 1169 703 1212 et
719 1163 865 1215 exactius:
884 1175 1056 1223 naacautem
1076 1174 1208 1236 utpune·
1256 1228 1260 1238 Ι

227 1260 280 1315 que
297 1242 454 1296 clarissima
472 1252 501 1296 et
518 1243 645 1297 strictim.
669 1241 829 1297 Abiecerunt
844 1247 999 1315 perticulam
1007 1249 1102 1301 critici.
1120 1250 1207 1302 Multo

226 1327 312 1376 minus
330 1325 442 1378 offendit
458 1330 583 1398 repetitio
601 1331 631 1382 iu
647 1329 753 1381 diversa'
768 1329 913 1393 relatione,
929 1331 1010 1383 veluti
1027 1334 1083 1386 Cio.
1101 1333 1134 1386 de
1148 1335 1206 1386 Fiu.
1224 1336 1232 1353 ¹

226 1410 261 1478 1,
282 1410 333 1475 18,
354 1409 397 1463 61.
424 1413 458 1466 de
478 1431 530 1485 qno
555 1409 626 1467 loeo⁴
639 1414 712 1467 infra
737 1414 832 1468 dicam.
872 1417 970 1471 narum
988 1434 1023 1467 ex
1042 1418 1206 1471 orationibus

146 1532 149 1539 ·
223 1497 371 1565 exemplum
384 1506 425 1550 est
441 1517 491 1568 pro
507 1501 576 1551 Mur.
591 1498 621 1564 8,·
637 1497 679 1551 18.
696 1517 784 1570 neque
803 1486 1059 1571 enimlqisemquam
1077 1513 1203 1559 vestrum

219 1576 320 1653 fugit,
345 1601 428 1654 quum
453 1583 536 1638 malti
561 1601 645 1655 pares
670 1583 812 1656 dignitate
828 1583 923 1654 fiant,
952 1599 1022 1638 unus
1039 1596 1132 1637 autem
1148 1591 1206 1656 pri.

222 1684 301 1741 mum*
319 1668 398 1720 solur
422 1660 516 1740 possit
542 1667 681 1733 obtinere,
710 1686 768 1722 non
796 1667 920 1725 canadam
941 1670 1000 1723 etse'
1019 1668 1144 1722 ordinem
1162 1669 1204 1725 di·
1259 1708 1263 1716 ι

224 1755 354 1823 gnitatir'
365 1763 396 1806 et
413 1754 639 1816 renuntiationis,
657 1763 807 1826 propterea
825 1751 901 1826 quod
919 1755 1090 1808 renuntiatio
1100 1753 1206 1826 grados

153 1876 156 1881 -
222 1834 342 1902 lrabeat,
361 1837 488 1908 dignitas
510 1849 604 1892 autem
615 1837 657 1908 fit
673 1857 809 1911 persaepe
825 1838 922 1904 eodem
939 1841 1070 1893 omnium.
1173 1864 1175 1875 =

237 1944 269 2005 7.
300 1938 339 2007 ln
359 1939 421 2005 hac
443 1941 678 2027 sententiarum
702 1943 951 2007 continuatione
978 1941 1036 2005 ubi
1058 1939 1202 2026 scripto-

152 2022 245 2089 ribus
261 2024 332 2089 no'n
355 2045 439 2115 opus
462 2025 544 2102 fnit,
567 2037 623 2089 aut
643 2046 712 2091 non
734 2028 856 2114 placuit
882 2028 1028 2093 interere
1053 2027 1201 2112 partion-

151 2107 240 2190 lnm,
270 2132 368 2176 nemo
398 2110 593 2176 desiderabit
619 2129 698 2187 eam,
717 2112 822 2199 (conf.
848 2112 1000 2176 Oohsner
1023 2113 1055 2176 in
1083 2111 1199 2196 Eclog.

150 2216 188 2282 p.
207 2196 314 2279 112.):
338 2207 370 2259 at
387 2196 613 2260 desiderarunt
635 2198 840 2285 grammatici
856 2199 891 2262 in
908 2195 1197 2271 enuntiationibus,

152 2302 291 2367 quarum
310 2281 448 2346 alterum
470 2283 659 2347 membrum
683 2284 930 2371 oppositionem
952 2293 1076 2347 rectam
1101 2281 1198 2345 exhi-

151 2366 228 2448 bet,
246 2368 386 2517 idecrppe
402 2368 442 2432 de
457 2367 562 2456 ellipsi
576 2368 673 2433 ,huius
695 2370 884 2456 particulae
890 2379 1063 2456 praecepta
1079 2364 1197 2434 eonfe-

150 2463 280 2518 cerunt,
358 2453 403 2518 id.
429 2453 540 2518 Sanct.
566 2454 706 2519 Minerv.
722 2454 762 2520 ll.
782 2479 816 2542 p.
830 2458 905 2520 340.
936 2453 1017 2518 Bau.
1043 2452 1197 2516 Schwar-

149 2538 236 2602 tnias
251 2539 285 2602 in
299 2537 509 2619 Tarentino,
533 2539 706 2628 Zumptius
728 2541 763 2605 in
781 2544 931 2605 Gramm.
956 2561 990 2605 n.
1013 2543 1087 2604 781.
1132 2536 1197 2601 Sed

149 2625 224 2689 iure
240 2623 415 2711 obloquuti
430 2635 506 2688 sunt
518 2625 721 2689 Facciolatus
740 2627 773 2690 iu
792 2636 965 2713 personata
989 2623 1104 2689 Meieri
1128 2623 1197 2708 epi-

149 2708 235 2774 stola
250 2732 283 2796 p.
299 2711 361 2775 ult.
372 2720 411 2785 ‚et
424 2709 580 2774 Bauerus.
623 2712 731 2796 Atque
753 2709 819 2775 hoc
835 2710 1010 2799 proprium
1025 2717 1075 2774 est
1090 2718 1196 2772 rectae

149 2795 370 2881 oppositioni,
391 2806 431 2860 ut
443 2795 536 2859 nullo
550 2794 773 2860 intercedente
788 2794 987 2860 adminiculo
1010 2793 1082 2880 ipsa
1098 2792 1196 2857 verba

149 2881 316 2946 contraria
339 2902 397 2946 sna
421 2880 450 2947 vi
474 2904 507 2946 se
530 2881 693 2947 reiiciant:
716 2880 907 2948 veluti'Cic.
929 2880 967 2943 de
992 2880 1118 2945 Senect.
1144 2881 1212 2951 18,

141 2967 301 3050 ‚odelinae
313 2989 446 3031 morum
461 2969 546 3032 citio
560 2978 655 3048 sarit,
677 2967 951 3034 noa'seneotutis.
974 2964 1048 3031 Liv.¹
1063 2968 1118 3045 22,
1140 2964 1193 3036 51,

144 3053 179 3119 4.
195 3052 327 3119 vincere
342 3053 426 3135 seis,
441 3048 637 3135 Ηαιιηὶὸιιί,
662 3053 805 3119 victorin
823 3053 873 3117 nti
888 3051 1009 3116 neseis.
1031 3050 1080 3115 lta
1096 3047 1194 3115 ctiam

147 3138 360 3204 antecedente
390 3139 564 3226 negatione
592 3138 658 3203 Cic.
689 3160 723 3227 p.
754 3138 825 3205 Mil.
844 3142 882 3223 9,
906 3141 959 3202 26.
981 3135 1194 3201 constrictum

145 3222 272 3290 Miloni
287 3223 376 3308 eripi
390 3248 458 3288 non
469 3248 587 3310 posse,
615 3224 722 3289 vitam
732 3222 846 3311 posse.
887 3222 1028 3288 Librarii
1042 3223 1193 3303 interpo-

144 3331 226 3376 nere
242 3308 394 3373 solebaut
417 3322 541 3377 atatem.
584 3309 742 3395 Atquerin
759 3309 966 3374 distinctione
985 3326 1143 3393 generum
1161 3313 1193 3367 et

144 3394 182 3463 in
196 3395 339 3482 partium
356 3393 586 3459 distributione
602 3404 634 3456 et
648 3393 682 3456 in
699 3415 904 3480 quacumque
922 3395 982 3459 alia
998 3412 1112 3455 rerum
1131 3411 1193 3474 op-

145 3481 313 3569 positione
336 3502 431 3566 sacpe
454 3480 524 3569 ipsa
546 3479 724 3545 verborum
746 3490 910 3544 structura
927 3475 1068 3560 sufficit,
1101 3473 1192 3549 nulla

145 3565 308 3656 particula
323 3563 459 3631 adiecta.
545 3579 548 3592 ¹

250 3687 323 3748 Quae
338 3687 460 3756 Meyerus
481 3686 515 3738 ad
535 3686 589 3738 Cic.
606 3688 680 3737 Orat.
698 3681 750 3752 81,
765 3681 824 3736 121.
842 3681 930 3746 effert,
944 3696 998 3731 non
1017 3678 1106 3731 omnia
1123 3693 1191 3746 qna-

212 3772 306 3823 dren't:
327 3788 386 3821 nam
393 3771 438 3835 37,
447 3772 505 3826 128.
524 3790 639 3845 quoram
656 3769 776 3824 alterum
791 3778 834 3820 est
850 3793 882 3850 ᾗ
901 3763 939 3818 ad
956 3775 1071 3817 naturas
1087 3780 1193 3816 areom-
1245 3772 1248 3777 '

213 3854 374 3922 modulum,
409 3856 528 3909 alterum
557 3886 592 3897 -
619 3873 672 3929 qno
699 3850 894 3925 perturbantur
918 3851 1013 3903 oninti.
1047 3863 1193 3916 pronomen

214 3941 298 4010 ipsam
318 3940 427 4010 praebet
444 3942 599 3995 iuncturam.
633 3946 663 3994 ln
688 3938 739 4006 34,
757 3937 817 3989 121.
841 3936 863 3986 si
889 3933 1046 3985 auctoritate
1073 3929 1192 3981 codicum

213 4026 321 4096 scripsit
345 4027 486 4091 Lambinus
513 4025 597 4083 v'erbo
625 4037 718 4080 autem
737 4035 785 4076 aut
810 4021 845 4075 de
869 4019 1020 4091 autbiguo,
1048 4031 1102 4067 uon
1124 4013 1192 4064 male

213 4112 288 4166 fecit.
313 4129 373 4164 nam
398 4111 490 4166 Cicero
514 4129 568 4168 non
584 4112 687 4183 respuit
710 4109 923 4163 coniunctionem
945 4103 1084 4161 verborum
1099 4108 1193 4154 autent

212 4206 271 4252 aut.
297 4196 350 4251 vid.
365 4196 445 4251 infra.
