2618 4770
98 216 115 341 Ι.
216 280 279 353 aas
312 237 317 245 ’
548 294 552 309 ·
638 274 798 340 eunuc.

218 432 284 521 ipsi
297 428 522 521 comparativo
536 427 687 495 inhaeret
703 429 837 515 eiusque
852 429 920 491 vim
936 435 1052 516 auget.
1072 429 1265 516 praecedere

220 539 293 584 eam
306 510 440 582 necessa
464 524 530 578 est:
558 514 620 579 'ubi
640 537 720 580 vero
743 517 780 579 in
796 535 833 578 ra
862 516 1090 601 comparativo
1115 536 1264 602 expresse

218 613 432 669 nontantum
449 599 609 684 gradum,
631 600 690 666 sed
706 598 926 683 accessionem
943 599 985 663 ad
1006 599 1085 663 alios
1109 622 1164 665 res
1188 621 1261 664 con-

217 713 234 755 s
261 688 393 768 cimus,
452 686 587 752 articula
609 696 687 787 post
710 685 975 835 comparativum
1007 680 1166 772 ponitur,
1203 687 1277 752 sire'

252 776 273 842 'i
287 773 388 841 verbo
402 707 544 837 additur.
587 772 692 837 Sicuti
707 794 770 849 nos
808 771 1017 857 istinguimus
1031 769 1131 835 haeae
1155 793 1195 836 er
1206 773 1258 837 leat

138 912 141 923 ,
214 863 303 928 noch
341 853 484 948 msceres
496 859 631 944 gerlaco
647 869 680 922 et
703 852 741 923 er
759 858 822 922 iret
835 852 1008 945 grossiores
1026 857 1113 920 nocie
1125 858 1280 945 gethan.-

217 946 298 1034 Spal
322 969 355 1008 in
380 946 429 1008 ius
452 942 554 1030 igitur
583 953 746 1010 nontam
771 943 921 1007 celeriter
944 944 1143 1007 sententiam
1173 964 1280 1029 suomj

215 1041 344 1097 mutare
358 969 518 1111 debebat,
545 1028 604 1095 sed
625 1029 851 1093 conditionem
868 1026 999 1096 addere.
1047 1029 1154 1111 Pauca
1177 1030 1261 1095 enim
1284 1109 1285 1112 Ἴ

216 1124 342 1182 restant
355 1113 448 1193 locu,
469 1115 503 1178 in
521 1115 639 1202 quibus
655 1115 836 1201 scriptores
852 1135 922 1176 non
933 1115 1021 1178 satis
1032 1112 1073 1177 ad
1087 1112 1172 1178 hanc
1190 1136 1260 1181 ora·

215 1202 325 1269 tionis·
334 1201 408 1266 vim
420 1209 454 1262 et
467 1201 737 1288 perspicuitatem
752 1197 929 1264 attendisse
944 1199 1139 1266 videantur:

315 1320 443 1384 Quinctil.
462 1319 494 1385 1,
512 1318 544 1386 ⁵,
563 1321 604 1383 12,
624 1319 716 1379 adduc
741 1314 891 1392 diffieilior
907 1310 1078 1392 observatio,
1091 1332 1136 1376 eet
1158 1340 1208 1393 per
1221 1333 1260 1378 te-

281 1400 380 1460 nores.
404 1405 437 1471 2,
464 1404 515 1470 15,
539 1388 588 1460 18.Ι
609 1417 669 1460 tum
700 1402 835 1461 Callicles
852 1402 943 1458 adbuc
957 1405 1134 1461 concitatior.
1167 1398 1273 1462 Seneca‘

261 1492 367 1564 ,Epist
384 1488 435 1554 85,
455 1488 498 1544 84.
518 1492 551 1544 de
567 1494 676 1554 Phidiae
704 1495 729 1548 si
748 1485 869 1544 marmor
894 1488 954 1554 illi,
974 1492 1000 1542 ti
1022 1489 1114 1553 adbuc
1136 1484 1269 1549 citiorem''
1308 1513 1309 1538 1

284 1578 428 1630 materiem
458 1573 622 1648 obtulisses,
645 1574 767 1649 fecisset
791 1574 876 1649 quale
896 1593 931 1629 ex
959 1572 1014 1630 illa
1034 1574 1103 1645 fieri
1128 1581 1258 1646 optimum
1308 1585 1309 1591 ’

280 1674 387 1732 posset.
407 1659 451 1724 58,
465 1661 492 1714 6.
511 1664 593 1716 Gaiae
609 1667 676 1720 lust.
700 1665 725 1728 1,
741 1661 785 1717 40.
803 1666 829 1717 ei
849 1658 940 1723 adbuc
955 1664 1048 1725 minor
1070 1664 1108 1716 sit
1121 1651 1255 1749 aneorum.

283 1747 350 1803 XX.
368 1746 407 1816 3,
426 1747 486 1800 184.
504 1748 559 1804 alii
575 1749 668 1804 adbuc
684 1750 812 1804 ulterius.

232 1862 235 1869 ·
316 1849 443 1913 Quinctil.
470 1849 519 1914 12‚
537 1851 585 1921 10,
606 1853 633 1907 7.
660 1852 795 1906 molliora
820 1850 912 1906 adbuc
936 1867 1022 1921 supra
1050 1851 1134 1906 dietis
1150 1856 1254 1927 Myron

275 1931 362 2006 fecit.
388 1936 475 1990 Tacit.
484 1938 573 1988 Germ.
592 1937 633 1993 19.
652 1936 752 2009 melius
768 1938 879 2011 quidem
900 1935 995 2013 adbuc
1012 1957 1062 1991 eae
1082 1941 1210 2002 ciuitates,
1224 1945 1255 1996 ire

232 2038 235 2042 ⁴
280 2018 382 2090 quibus
400 2031 509 2072 tanturn
526 2023 650 2100 uirgines
666 2021 782 2077 nubunt.
826 2027 933 2075 Suetou.
951 2023 1010 2076 Tib.
1028 2019 1073 2078 44.
1091 2029 1194 2080 maiore
1207 2025 1256 2078 ed·

207 2106 236 2131 “·
280 2103 334 2158 leuc
352 2115 379 2158 et
400 2107 524 2175 turpiore
544 2104 668 2177 infamia
686 2106 835 2180 flagravit.
1094 2128 1111 2187 ,s
1205 2120 1208 2124 “
1293 2113 1294 2118 ’

233 2212 237 2219 ’
314 2206 442 2269 Quinctil.
462 2209 504 2275 10,
521 2208 555 2278 ’1,
571 2210 615 2266 99.
637 2231 707 2284 quae
722 2222 815 2265 tanuen
835 2221 899 2265 sunt
919 2216 948 2267 in
966 2209 1020 2265 boc
1036 2205 1137 2284 'genere
1154 2211 1255 2286 elegun-
1289 2268 1294 2281 ,

276 2293 391 2371 tissima
408 2305 436 2348 et
454 2294 521 2366 plus
538 2295 630 2353 adbuc
651 2295 780 2372 habitura
797 2301 915 2371 gratiae.
949 2298 968 2348 i.
992 2317 1015 2351 e.
1044 2309 1071 2349 et
1087 2299 1206 2369 in'super,
1226 2305 1254 2349 et

280 2374 347 2429 adeo
365 2378 423 2447 plus
442 2381 543 2448 petiae
560 2372 690 2434 habitura.
725 2386 831 2435 Sueton.
848 2382 937 2434 Tiber.
958 2381 999 2434 17.
1017 2386 1063 2438 eui
1076 2383 1187 2456 gloriae
1203 2403 1254 2436 am·

278 2461 361 2532 plior
376 2462 468 2517 adbuc
495 2484 530 2519 ex
548 2467 765 2546 opportunitate
792 2464 917 2520 cumulus
938 2473 1062 2524 occessit.
1094 2471 1113 2521 i.
1135 2490 1160 2525 a.
1185 2472 1252 2525 etiam

281 2565 316 2598 ex
332 2551 539 2620 opportunitate.
573 2553 689 2608 Martial.
713 2553 746 2615 2,
766 2552 815 2619 10,
834 2551 860 2604 3.
876 2552 920 2604 nis
938 2551 1005 2606 dore
1019 2557 1111 2608 maius
1128 2556 1215 2609 adbuc
1228 2565 1251 2608 et

268 2634 466 2691 ,inenarrabile
492 2640 613 2690 munus?
641 2639 659 2688 i.
681 2656 705 2693 e.
724 2638 759 2688 ud
773 2638 854 2699 haee,
884 2648 992 2706 praeter
1009 2640 1097 2695 datam
1122 2642 1249 2694 dimidiam.

282 2718 388 2772 curtius
404 2721 431 2784 9,
450 2720 476 2789 6,
492 2721 534 2775 23.
558 2723 599 2776 dii
611 2717 753 2793 faueant,
772 2725 880 2775 nraiora
892 2721 985 2778 adhue
1001 2735 1118 2783 restant.
1140 2727 1186 2778 ubi
1199 2744 1250 2796 par-

280 2802 364 2856 ticulu
380 2807 462 2859 verbo
480 2808 604 2859 nectitur.
640 2810 671 2858 ln
687 2811 793 2859 Sueten.
820 2810 885 2860 Ner.
905 2807 946 2859 10.
972 2819 1056 2880 atque
1071 2821 1104 2862 ut
1123 2819 1253 2867 certiorem

234 2876 253 2919 .‘
280 2884 372 2943 adbuc
389 2891 512 2946 indolem
530 2894 703 2958 ostenderet,
727 2911 762 2944 ex
780 2895 902 2964 Augusti
918 2897 1092 2964 praescripto
1114 2900 1254 2967 imperatu·

207 2980 239 3006 “·
280 2990 341 3025 rum
359 2991 389 3029 se
402 2974 568 3047 professus,
587 2998 674 3050 neque
701 2975 879 3042 liberalitatis
896 2998 983 3050 neque
1010 2980 1191 3046 clementiae,
1215 3001 1256 3035 nee

235 3083 238 3089 ·
278 3061 422 3127 comitatis
437 3063 551 3133 quidem
572 3061 744 3116 exhibendae
770 3063 858 3118 ullam
879 3068 1053 3120 occasionem
1076 3069 1183 3122 omisit.
1202 3067 1257 3137 quid

239 3166 242 3187 ι
279 3144 361 3194 rerba
378 3146 541 3214 significent,
559 3167 635 3200 nemo
654 3147 814 3199 declaravit:
842 3167 902 3203 nam
919 3149 1011 3202 adbuc
1029 3169 1083 3203 non
1106 3153 1140 3204 ad
1167 3156 1259 3223 certio·

238 3263 240 3271 =
279 3246 337 3280 rem
359 3231 482 3286 indolem
500 3235 652 3302 pertinere,
679 3235 759 3287 facile
778 3224 947 3304 intelligitur.
988 3237 1125 3289 Sententia
1140 3252 1203 3292 'esse
1220 3239 1259 3291 ri-
1298 3256 1302 3267 ·

168 3383 172 3389 ⁶
273 3311 371 3365 detur:
392 3327 470 3386 atque
488 3330 518 3369 ut
539 3319 690 3371 ostenderet
707 3321 757 3370 sibi
774 3321 876 3386 adhue,
904 3322 1053 3390 hucusque,
1076 3341 1133 3374 esse
1162 3325 1261 3377 cerdo
1282 3385 1289 3390 ⁸

236 3410 242 3443 t
281 3414 338 3449 rem
356 3400 488 3466 indolem,
519 3404 537 3452 i.
553 3423 576 3454 e.
599 3409 680 3470 magis
705 3416 803 3456 certam
828 3424 859 3459 ac
879 3396 958 3474 rulg'o
982 3408 1190 3461 existimaretur.
1224 3411 1262 3461 De

281 3484 417 3554 Calpurnii
434 3487 648 3549 etQuinctiliani
664 3490 723 3540 aliis
740 3492 806 3541 locis
824 3510 902 3561 supra
918 3493 1022 3561 loquuti
1041 3510 1136 3543 sumus.
1180 3480 1186 3491 ¹
1225 3540 1226 3547 ,

299 3605 356 3689 17.
378 3603 496 3671 notave
511 3625 585 3672 uon
600 3616 632 3671 et
645 3625 767 3685 nuova
783 3605 901 3673 iunvc
924 3607 964 3671 ab
989 3611 1123 3698 optimis
1149 3613 1263 3677 omni-

213 3703 273 3768 um
287 3695 481 3776 temporum
502 3691 714 3779 scriptoribus
741 3691 860 3756 dicitur
884 3715 948 3778 pro
975 3695 1146 3772 nondum,
1177 3697 1265 3761 noola

213 3769 325 3923 nicpp,
346 3778 450 3863 quum
463 3780 604 3867 proprie
622 3776 729 3873 situel
748 3779 811 3844 boc
834 3791 966 3865 tempus
988 3804 1075 3861 nore,
1104 3779 1159 3845 bis
1181 3783 1264 3863 ietzt

212 3875 291 3920 neor
632 3884 634 3891 ·
1156 3903 1159 3909 ·

130 4006 133 4010 ·
238 4022 243 4029 .
274 4020 294 4031 ..
319 3981 373 4034 Cio.
390 3983 418 4035 in
436 3986 512 4040 Verr.
530 3983 566 4048 2,
583 3984 634 4050 et,
650 3984 694 4039 65.
714 3983 887 4055 cupidissimi
908 3986 1055 4054 veniendi,
1073 3991 1205 4044 niaximis
1223 3991 1264 4043 in·

239 4106 242 4111 .
262 4122 266 4129 ,
284 4067 364 4128 iuriis
389 4068 502 4142 affecti,
527 4067 618 4133 adbuc
635 4089 693 4125 non
711 4080 855 4129 foenerant.
874 4071 907 4123 ad
924 4074 996 4125 Fam.
1017 4073 1052 4139 3,
1070 4074 1101 4141 8,
1119 4074 1164 4129 25·.
1184 4076 1264 4148 quod
