2618 4770
594 340 721 407 thu.

202 499 245 554 sic
263 494 344 569 apud
360 498 483 553 animum
500 509 598 556 meunt.
608 495 716 551 stainos
756 495 854 567 tulpia.
874 496 910 549 sd
925 496 992 553 cie.
1007 499 1090 571 Epist.
1105 500 1157 569 4,5,

203 578 247 641 13.
265 604 300 639 ea
319 594 378 637 tute
394 580 447 637 eibi·
464 578 577 645 subiise,
595 592 623 637 et
642 580 721 653 apud
739 584 864 636 animum
880 598 1021 656 propone.

236 688 357 756 Sigonius
373 682 401 736 in
418 684 476 737 Liv.
492 682 544 749 42,
561 684 614 749 50,
632 683 657 737 8.
678 685 801 737 induxit:
831 686 898 741 dum
919 686 1046 760 integrae
1060 704 1099 742 ret
1111 691 1155 752 sint,

201 776 327 844 cogitare
348 769 428 841 apud
456 774 580 825 animum
599 787 679 823 suum
700 770 800 827 Persea
821 771 938 840 debere,
958 784 1052 826 annm
1068 782 1112 826 etc.
1135 778 1155 825 u

201 858 247 927 qui
265 857 362 909 dixerit
383 855 461 926 apud
478 858 602 911 animum
619 859 749 927 cogitare¹
767 875 818 928 pru
837 878 899 913 cnm
924 862 1024 914 animo
1043 877 1090 912 suo
1106 863 1156 932 cogi
1188 868 1190 875 '

202 952 279 1007 tura,
295 942 368 993 nullo
386 942 507 1019 erempto
524 941 689 995 monstravit.
707 942 761 996 rid.
780 943 983 997 Drakenborch.
1004 944 1039 996 ad
1053 943 1110 997 hil.
1191 951 1194 967 ¹

220 1067 271 1127 13.
304 1059 437 1141 Restat,
453 1066 492 1123 ut
516 1058 557 1124 de
578 1060 826 1149 praepositione
845 1081 924 1126 cum
945 1060 1075 1147 verbis,
1099 1083 1155 1151 qua

132 1158 265 1216 motum
280 1138 481 1232 significant,
507 1146 702 1228 coniuncta,
736 1144 817 1233 quid
833 1147 977 1234 antiquis
993 1148 1155 1237 grammati·
1200 1148 1205 1216 ἷ

134 1236 180 1301 cis
196 1235 304 1299 visum
317 1229 437 1311 fuerit,
464 1229 594 1295 addam.
645 1231 777 1297 Servius
800 1232 841 1298 ad
857 1233 951 1333 Virg.
973 1236 1055 1299 Aen.
1074 1238 1108 1315 1,
1120 1236 1155 1298 tt.

133 1318 192 1385 ad
214 1329 248 1383 et
270 1341 292 1382 a
296 1310 388 1403 pud
414 1314 632 1381 accusativae
662 1329 741 1381 sunt
768 1340 861 1404 prae
885 1319 1060 1384 ositiones.
1109 1316 1156 1383 Sei

134 1402 254 1490 apud
275 1423 408 1487 semper
430 1395 468 1465 in
493 1401 566 1466 loco
592 1398 788 1490 significat.
809 1341 917 1471 adet
939 1401 978 1469 in
995 1404 1069 1469 laco
1086 1399 1158 1469 etad
1193 1444 1196 1463 2

132 1488 258 1554 locum.
302 1484 480 1553 Cledonius
503 1509 539 1574 p.
561 1488 654 1552 1934.
678 1511 719 1553 ex
740 1489 795 1553 lais
827 1488 930 1554 adet
960 1488 1080 1589 apud
1104 1510 1159 1553 usn
1203 1574 1205 1579 Ι

130 1571 234 1640 unitas
248 1595 347 1638 casus
362 1583 442 1636 sunt
465 1572 545 1657 (leg.
571 1570 673 1659 sint),
697 1572 818 1659 apud
835 1585 974 1640 tantum
989 1599 1029 1641 ιιι
1044 1576 1112 1640 loco
1125 1572 1159 1640 si-

129 1655 302 1750 gnificat,
316 1669 354 1722 ut
368 1656 465 1744 apud
481 1654 630 1721 amicum
644 1678 762 1723 suum:
792 1681 854 1724 nec
865 1680 1048 1745 passumus
1072 1656 1161 1725 dicere

132 1744 230 1833 apud
247 1741 394 1810 amicum
408 1741 508 1829 uada.
538 1740 626 1809 Haec
644 1740 844 1809 conveniunt
860 1765 938 1809 cum
954 1767 1020 1810 usu
1032 1746 1163 1811 omnim

130 1832 345 1920 scriptorum.
365 1827 586 1977 ARudvulgus
596 1824 1164 1917 haeciamolimneglectaetconiuu

91 1950 94 1955 ·
130 1917 387 1997 coementum
421 1911 711 1979 ueiliimonstrata
739 1910 978 1981 udCharisium
988 1940 1024 2005 p.
1035 1918 1164 1983 86.sicet

133 1996 381 2102 apudtelonge
393 1997 697 2087 aursdestneqoei
722 1997 875 2071 emaculet
887 2000 993 2068 adse.
1023 2001 1166 2082 Quotls·

132 2099 222 2177 gitur
235 2084 270 2150 in
285 2081 503 2184 inscriptione
516 2106 658 2152 romans
674 2085 762 2175 apud
778 2086 956 2151 Gruterum
971 2111 1008 2175 p.
1018 2089 1094 2155 786.
1107 2088 1166 2155 ni.

131 2171 255 2240 vellitis
283 2171 361 2235 kuic
383 2169 679 2257 indulgentissimi
699 2194 770 2237 esse
797 2170 891 2249 Isaris
918 2175 1115 2255 nocturnis,
1139 2182 1168 2239 st

130 2280 208 2325 cum
224 2252 359 2322 rideam
375 2267 408 2319 et
426 2256 533 2321 ctiam
547 2249 692 2342 mefato
717 2255 864 2322 sundere
886 2256 980 2323 cellit
999 2267 1041 2325 ut
1062 2271 1096 2325 ct
1117 2282 1168 2349 ega

122 2340 259 2443 possim
279 2338 411 2404 dulcius
428 2353 461 2404 et
476 2338 616 2406 celerius
636 2354 721 2430 aput
739 2361 813 2407 eum
823 2341 1022 2492 feruenire.
1045 2342 1169 2411 debetur

128 2428 319 2495 inscientiae
338 2424 461 2490 intuto
479 2424 546 2490 hoc
563 2449 665 2515 opere
680 2429 805 2494 obviae.
845 2452 867 2493 n
886 2429 937 2493 vul
963 2426 1014 2494 ari
1027 2452 1170 2497 sermone

128 2514 176 2580 ita
194 2511 282 2600 apud
299 2533 415 2576 omnes
456 2518 546 2574 entes
563 2521 730 2600 peccatur.
774 2510 841 2578 Sed
866 2454 962 2599 quod
977 2516 1016 2580 in
1037 2516 1168 2582 Decreta
1200 2568 1205 2583 .

130 2597 342 2665 Constantin.
373 2535 456 2662 eod.
480 2601 520 2679 7,
551 2602 613 2681 ot,
645 2606 675 2662 1.
706 2598 928 2664 dici'narraut
944 2620 1108 2687 precesa
1130 2598 1170 2665 usi

129 2697 212 2752 acta
227 2681 372 2772 referre,
394 2680 515 2748 falsum
533 2694 592 2748 est.
646 2683 696 2748 lbi
712 2687 800 2750 enim
815 2684 956 2771 legiturs
989 2687 1082 2752 isra
1120 2696 1169 2753 ta·

127 2772 238 2838 torius
278 2790 370 2834 reces
383 2768 544 2833 similiter
558 2769 654 2857 apud
669 2783 752 2838 acta
767 2771 841 2836 sine
857 2768 1170 2861 aliquafrustrato·

127 2858 187 2924 ria
203 2793 372 2922 diditione
389 2852 524 2944 afferat.

212 2996 263 3061 tt.
294 2992 539 3082 Transpositio,
555 2992 687 3083 quaein
708 2991 776 3061 aliis
790 2995 1095 3084 praepositionibus
1108 2997 1168 3063 fre·

127 3085 286 3173 quentior
301 3088 365 3162 est,
389 3080 425 3145 in
443 3081 504 3146 hac
523 3105 626 3168 pauca
641 3080 742 3145 habet
760 3081 911 3169 exempla
928 3084 1168 3172 apud'scripto·

124 3188 179 3236 res
195 3167 391 3256 posterioris
416 3168 539 3232 aetatis.
589 3164 689 3232 Gonf.
712 3168 966 3256 Wopkensin
991 3171 1082 3235 Actis
1107 3191 1166 3234 soc.

126 3253 219 3323 Trai.
238 3251 341 3316 Tom.
359 3258 390 3316 2.
411 3275 446 3339 p.
464 3257 524 3317 78.

237 3368 323 3424 Tacit
339 3373 406 3423 Ana.
422 3371 450 3437 4,
470 3371 496 3424 6.
513 3366 661 3427 Misenum
675 3369 754 3441 apud
767 3380 795 3426 et
813 3370 989 3426 Ravennam.
1026 3369 1059 3424 In
1072 3374 1166 3426 Seston

189 3460 269 3512 Dom.
298 3457 325 3510 9.
353 3460 400 3527 qui
421 3469 488 3512 ante
512 3456 728 3529 quinquennium
751 3453 909 3525 proximum
931 3454 1012 3524 apud
1040 3460 1168 3512 aerarium

165 3542 401 3616 *pependissenn
453 3543 600 3596 Scriverius
637 3551 664 3592 et
703 3541 830 3593 Graevius
861 3558 893 3592 ex
931 3542 1034 3609 aliquot
1073 3541 1165 3594 codici*

192 3630 241 3681 bus
264 3636 420 3696 receperunt
444 3631 580 3682 aerarium
601 3625 696 3696 apud,
720 3642 774 3676 non
796 3625 955 3677 assentiente
979 3626 1166 3695 Oudendorpio.

191 3713 276 3767 Tacit.
297 3717 365 3768 Ann.
382 3710 415 3778 6,
436 3711 479 3764 31.
507 3716 599 3782 ripam
625 3710 703 3780 apud
725 3709 906 3780 Euphratis..
927 3708 961 3776 4,
982 3709 1026 3764 43.
1057 3721 1166 3764 montem

193 3799 272 3870 apud
288 3798 423 3870 Erycum.
459 3798 531 3848 Haec
547 3815 561 3847 a
578 3795 767 3864 compositione
787 3796 897 3846 duorum
911 3797 1048 3848 nominum
1066 3812 1166 3849 excuss·

191 3884 289 3936 tionem
306 3883 454 3951 accipiunt:
472 3882 585 3933 fortasse
604 3882 683 3932 etiam
698 3878 765 3931 illud
781 3880 843 3931 libri
859 3876 894 3946 4,
911 3876 938 3938 5.

820 3317 826 3349 t

217 4001 240 4042 ὕ
274 3994 420 4063 Confusa
436 4021 533 4084 saepe
548 4005 623 4062 sunt
641 4021 659 4061 a
674 3991 813 4062 librariis
841 3995 891 4060 ad
915 4004 949 4061 et
964 3994 1063 4084 apud
1085 3997 1168 4087 quod

123 4086 323 4173 compendio
349 4084 551 4149 scribebatur
582 4083 640 4146 act.
691 4082 767 4148 Vid.
791 4082 970 4147 Drakenb..
987 4085 1029 4150 ud
1050 4087 1122 4155 Liv.
1139 4091 1167 4168 ὃ,

123 4176 182 4249 10,
204 4169 500 4253 3.·‹1Goerenz.ad
520 4169 588 4239 Cic.
603 4169 644 4236 de
660 4168 731 4238 Fin.
749 4173 789 4248 2,
813 4168 855 4237 24
866 4173 952 4252 ,-77.
