2618 4770
95 368 161 434 462
477 362 643 447 ATQVE.
696 365 764 432 AC.

163 528 195 579 ot
211 546 246 563 -
262 526 291 575 et
309 516 378 571 dixit
396 536 424 588 p.
445 516 536 582 Quint.
555 517 599 584 25,
620 518 664 573 79.
680 532 776 573 veram
794 528 823 574 tt
840 532 902 574 tera
921 529 953 575 at
969 523 1148 594 nequicquam

164 605 263 679 pudet.
298 605 397 657 Eunias
422 603 449 655 in
465 605 559 657 Medea
578 625 672 674 graeca
689 605 724 675 γῇ
739 623 770 659 τε
787 597 812 657 a’
831 599 945 679 οὐρανῷ
962 608 1045 659 vertit
1073 607 1148 659 coela

162 702 248 764 atque
265 700 348 745 terra.
384 690 438 742 cto.
464 690 497 743 da
517 691 581 758 Leg.
607 692 641 756 2,
662 687 698 754 4,
716 688 742 740 9.
767 700 848 766 aatgtr
864 718 900 732 -
919 692 1048 763 aequalis
1073 692 1149 747 illias

163 774 272 831 coelum
290 786 374 845 atque
391 784 480 829 terras
498 774 602 830 tuentis
628 786 656 829 et
680 777 802 844 regentis
822 774 877 830 dei.
910 776 947 838 1,
964 775 998 841 7,
1016 776 1061 830 23.
1096 795 1149 828 uon

163 860 256 923 dicam
275 861 303 913 iu
321 858 449 925 domina,
475 860 525 914 sed
543 858 664 915 iacmni
691 859 769 914 coelo
796 872 881 934 atque
909 873 994 915 terra.
1031 881 1058 930 p.
1080 860 1148 913 Coel.

164 944 214 1012 19,
231 943 274 999 45.
293 945 403 1015 copiam
420 942 618 999 sententiarum
635 957 719 1015 atque
744 944 889 998 verborum
906 969 941 988 -
958 949 1148 1018 perspexistis.

163 1032 233 1085 vell.
260 1032 314 1083 rut.
340 1029 373 1095 2,
400 1028 459 1083 127.
483 1031 643 1086 adiutorem
667 1036 696 1085 in
722 1035 816 1084 amaia
835 1029 933 1085 habuit
951 1044 1037 1105 atque
1057 1031 1147 1088 habet.

161 1118 269 1189 Terent,
295 1117 360 1167 llec.
382 1112 417 1181 5,
436 1112 476 1180 ’4,
499 1115 525 1168 4.
553 1120 647 1180 timeo,
669 1136 703 1169 aa
727 1115 808 1170 aliud
826 1116 936 1170 credam
956 1129 1043 1191 atque
1069 1117 1148 1171 aliud

162 1205 282 1257 nuntiat.
310 1199 328 1251 i.
346 1218 370 1252 e.
401 1201 509 1253 etitem
530 1201 729 1253 aliudnunties·
765 1201 1148 1275 Liviustt,29,10.quod

165 1284 300 1357 berirficic
318 1281 377 1339 eius
395 1304 461 1356 arga
480 1303 532 1338 uos
550 1306 583 1345 aa
606 1289 754 1339 maiestate
776 1288 837 1339 aius
863 1287 980 1358 diguam
1007 1300 1059 1342 ast.
1090 1289 1108 1339 l.
1126 1308 1146 1340 e.

162 1388 245 1441 terpus
264 1388 303 1423 ac.
338 1372 432 1423 llorat.
451 1372 534 1439 Epist.
553 1370 585 1435 1,
608 1366 887 1433 1131111111,
905 1381 934 1425 et
950 1374 1075 1443 prudens
1093 1372 1146 1426 dici

163 1458 287 1513 ilalrctcr
314 1474 366 1527 ego
392 1475 425 1508 ac
452 1464 490 1506 tu.
523 1454 542 1506 i.
560 1473 584 1506 e.
616 1468 670 1505 non
694 1455 779 1504 miuus
806 1475 855 1525 ego
880 1476 957 1525 quam
976 1463 1016 1509 tu.
1051 1459 1105 1510 Cic.
1121 1477 1144 1526 p.

160 1542 250 1600 Flacc.
275 1540 307 1607 1,
329 1542 354 1592 1.
378 1559 462 1610 quum
487 1539 516 1591 in
543 1543 675 1594 maximis
702 1541 833 1610 periculis
856 1539 940 1597 liuius
966 1543 1042 1597 urbis
1066 1556 1145 1614 atque

162 1626 273 1698 imperii
288 1626 453 1697 gravissimo
476 1636 562 1692 atque
581 1623 758 1678 acerbissimo
775 1626 945 1697 reipublicae
965 1648 1051 1690 casu,
1073 1631 1143 1680 socio

160 1726 246 1787 atqua
264 1710 392 1765 adiutore
410 1708 590 1762 consiliorum
601 1709 841 1784 periculorumque
856 1732 977 1767 meorum
987 1713 1142 1776 1111111,

161 1797 273 1855 cadalum
291 1816 309 1848 a
326 1793 416 1859 vobis,
437 1793 614 1866 coniugibus,
632 1793 726 1849 liberis
747 1801 1028 1861 t·estris,vastitatem
1045 1821 1064 1850 a
1083 1808 1143 1852 tem·

162 1884 239 1959 plis,
259 1877 398 1944 delubris,
417 1878 499 1941 urbe,
523 1879 610 1934 ltalia
629 1878 806 1948 depellebant
823 1895 873 1934 etc.

197 1967 228 2019 ld
246 1965 349 2035 plenius
372 1964 527 2033 exprimitur
555 1965 646 2016 addito
671 1965 723 2017 alio
746 1966 912 2036 aequalitatis
937 1966 1055 2018 nomine.
1091 1963 1141 2018 Ta

162 2052 208 2107 ait.
231 2052 298 2101 ann,
319 2048 351 2116 1,
368 2040 413 2102 48.
442 2047 490 2101 abi
513 2047 617 2102 bellum
643 2054 772 2120 ingruat,
801 2055 961 2104 inuocantes
986 2072 1021 2104 aa
1046 2056 1141 2104 noxios

160 2141 240 2195 iaxta
259 2133 364 2201 cadere.
395 2130 413 2185 i.
429 2148 454 2203 q.
475 2135 630 2186 innocentes
657 2136 729 2187 luxta
750 2151 785 2203 ac·
798 2137 899 2205 noxios.

195 2238 283 2289 Etiam
298 2233 327 2287 in
342 2234 384 2289 his
402 2239 470 2290 locis
490 2255 568 2306 saepe
586 2255 601 2287 a
619 2233 735 2289 librariis
758 2234 925 2290 substitutum
940 2249 993 2290 ¹est
1012 2245 1070 2303 aut,
1096 2258 1140 2291 ne*

159 2340 209 2393 quc
228 2322 352 2386 deerant,
371 2325 415 2391 qui
434 2324 562 2375 docerent
578 2336 629 2392 pro
648 2341 679 2374 eo
699 2324 872 2394 puniatque.
899 2324 957 2374 Vid.
977 2327 999 2375 1.
1021 2327 1053 2375 H.
1075 2324 1138 2375 Vos-

160 2409 225 2461 aium
252 2406 286 2458 ad
311 2408 406 2475 Virgil.
431 2408 529 2476 Georg.
560 2407 592 2471 3,
617 2405 676 2460 492.
710 2412 763 2473 Vt,
789 2428 854 2477 quae
880 2422 927 2476 per
957 2427 985 2460 se
1010 2410 1139 2478 perspicua

160 2502 237 2556 eunt,
256 2494 392 2557 omittam,
416 2490 495 2544 etlam
515 2493 543 2542 in
560 2493 629 2544 Livii
647 2493 681 2559 6,
702 2486 735 2558 7,
752 2486 778 2545 6.
804 2494 972 2546 defendenda
990 2507 1033 2546 est
1049 2495 1137 2547 lectio:

160 2578 246 2632 simul
262 2581 470 2643 contumerias,
495 2577 571 2649 qaod
588 2582 703 2650 quisque
729 2574 831 2632 didicit
855 2599 888 2632 ac
912 2585 1074 2646 consuevit,
1093 2576 1136 2651 sa·

161 2668 222 2718 ciet·
256 2661 324 2717 Nam
350 2663 440 2716 sensus
466 2675 522 2716 est:
548 2665 658 2733 quisque
685 2665 767 2716 saciet
795 2674 823 2715 et
848 2682 879 2715 ea
904 2683 969 2732 quae
998 2667 1094 2717 didicit
1116 2675 1138 2717 et

157 2746 224 2820 quae
253 2747 396 2803 consuevit.
431 2748 465 2815 7,
484 2749 536 2819 34,
565 2747 607 2801 13.
640 2756 778 2819 quaenam
804 2748 856 2821 illa
880 2750 993 2821 inscitia
1022 2749 1091 2804 belli
1112 2768 1139 2802 ac

157 2837 276 2906 pigritia
302 2845 353 2889 est.
388 2835 414 2885 Si
440 2830 550 2886 dixisset
567 2845 618 2888 act
644 2837 780 2905 pigritia,
803 2835 835 2886 de
860 2831 918 2903 ipsa
939 2851 1030 2885 caussa
1051 2835 1139 2886 Decius

126 2975 129 2980 ,
156 2922 318 2986 dubitasset,
336 2919 377 2970 sin
394 2936 455 2970 vero
475 2926 503 2974 et
522 2924 659 2992 pigritia,
680 2916 743 2971 duas
762 2938 864 2971 caussas
882 2919 1039 2986 simpliciter
1057 2920 1140 2970 nomi-

154 3018 260 3059 nasset:
287 3017 315 3057 at
338 3005 407 3057 dixit
433 3025 467 3056 ac
494 3007 628 3076 pigritia,
658 3025 737 3074 quum
763 3004 937 3056 intellexisset
960 3015 988 3056 et
1014 3005 1141 3057 inscitiam

115 3106 117 3111 '
157 3091 222 3143 belli
243 3094 351 3143 etitem
368 3091 504 3159 pigritiam
521 3089 603 3143 fuisse
621 3109 736 3142 caussam
756 3088 917 3142 cessationis.

170 3189 202 3257 4.
236 3188 289 3257 Ex
303 3188 355 3257 his
373 3186 533 3280 exemplis
552 3191 745 3280 intelligitur
772 3189 871 3287 aliare,
894 3208 950 3272 ea,
972 3215 1057 3278 quae
1083 3186 1152 3281 sitii

84 3275 253 3377 ppptpapia
271 3302 341 3343 esse
359 3280 541 3360 videantur,
553 3303 595 3344 ex
611 3302 717 3365 aequo
736 3279 895 3364 componi
915 3302 1026 3364 posse,
1039 3274 1142 3365 tisim

87 3366 130 3431 ad
146 3366 408 3460 unam-aliquam
427 3390 501 3431 rem
516 3366 705 3453 referantur
722 3366 848 3453 aequali
865 3366 1003 3428 ratione.

186 3481 295 3537 'Horat
312 3485 362 3538 Ars
379 3494 451 3556 poet.
470 3479 530 3539 160.
547 3484 617 3540 aaut
637 3486 749 3558 colligit
767 3508 799 3540 ac
822 3489 905 3556 ponit
922 3498 1022 3538 terrere
1044 3491 1073 3537 et
1084 3499 1144 3545 ,uia-

157 3578 236 3624 tatar
254 3574 283 3623 in
302 3570 402 3625 irorata
427 3573 446 3623 i.
466 3591 489 3624 e.
515 3574 553 3623 uti
570 3567 636 3623 iram
658 3579 758 3627 temere
779 3572 899 3638 colligit,
924 3570 961 3619 ita
982 3588 1037 3620 earn
1061 3572 1144 3637 pouit.

156 3658 241 3726 Epist.
270 3656 321 3721 11,
352 3655 383 3720 1,
414 3656 472 3710 180.
498 3662 538 3710 sic
562 3677 682 3730 parvum
708 3669 765 3719 est,
794 3655 916 3709 aniciam
945 3654 1022 3724 quod
1051 3655 1144 3709 laudis

2 3722 105 3807 *¹3:¹³3
155 3762 271 3808 avarum
296 3741 406 3797 subruit
425 3763 457 3794 ac
475 3742 576 3813 reficit.
609 3741 668 3796 Hoc
688 3746 757 3797 enim
776 3742 852 3793 co'dd.
870 3741 1004 3809 praebant.

1 3792 42 3839 'it

4 3816 20 3849 a
170 3846 202 3911 5.
235 3843 311 3927 Quo
331 3841 435 3911 modo
455 3841 519 3910 duo
544 3841 743 3911 substantiva
768 3843 1031 3927 coniungantur,
1060 3861 1141 3925 quc-

85 3946 163 3996 111111
174 3931 314 3996 alterum
330 3934 462 3996 notioni
473 3931 605 3997 alterius
617 3932 835 3997 necessariam
853 3930 993 4014 aliquam
1014 3937 1142 4012 partem

85 4017 194 4099 addit,
214 4018 290 4082 alias
311 4040 372 4105 per
393 4016 610 4104 adiectivum,
634 4014 710 4084 alias
728 4036 789 4105 per
808 4012 989 4107 genitivum
1008 4034 1147 4099 expres—

85 4123 175 4183 sam,
197 4100 403 4192 grammatici
423 4108 498 4168 satis
513 4107 650 4192 'copiose
666 4101 808 4178 docent,
838 4118 975 4185 eamque
994 4098 1148 4160 farinam

272 4266 426 4289 mfflssffl

83 4187 322 4301 1111111131μόιᾶ
341 4194 446 4256 matrs
470 4191 537 4269 aad,
561 4203 598 4257 ut
612 4188 652 4255 fit
669 4186 707 4256 iu
722 4189 775 4256 hia
791 4187 901 4269 rebus,
924 4183 1019 4248 nullo
1037 4180 1149 4248 subti-
1168 4230 1171 4235 -
