2618 4770
561 114 639 214 tN·
1022 128 1127 224 seeo

66 288 105 323 s.
140 269 217 323 111111
236 269 405 324 ectum'est?
430 286 464 323 au
487 269 584 322 litteris
607 272 751 342 pepercisti
762 274 789 343 11
815 274 1128 349 Perveneruotnetgrif
1209 348 1211 351 Ι
1292 316 1307 332 .

138 365 277 423 gentum„
291 373 325 409 un
347 358 456 431 ,domum
478 358 665 411 reverterunt?
702 359 750 426 (uti
772 361 893 429 piltone.
913 361 1032 429 1111141,
1051 364 1123 433 119.)
1238 350 1240 357 ¹

126 441 192 492 -Sed
205 440 313 510 plurimi
324 442 428 494 codices
443 442 569 494 exhibent
577 443 809 514 quemadmodum
823 448 1008 511 revertissent,
1024 444 1123 507 omisso

112 552 116 557 ·
139 543 199 578 voc.
216 529 351 598 quaesivi.
386 529 458 591 Curt.
475 526 509 592 7,
535 526 583 592 10,
601 527 627 581 7.
655 539 713 581 tam
732 548 797 593 rex,
827 547 929 601 quaero
950 533 1061 603 itaque,
1082 535 1123 586 in·

138 613 217 683 quit,
236 631 274 664 an
288 610 494 664 virerivolr'tis
510 630 566 663 non
585 615 692 668 inimici
718 604 802 675 asilii,
829 614 906 665 euius
927 610 1062 684 beneficio
1080 621 1123 687 ai·
1179 666 1182 671 .
1268 641 1275 655 ’

88 736 94 749 .
140 697 747 762 1111111111.1.1.1111111111111111,11οι1
767 699 835 751 mori
850 698 950 765 ¹velitis.
985 704 1026 751 Ita
1050 701 1076 766 6,
1094 700 1121 769 5,
1182 739 1186 744 -

136 778 183 835 31.
202 779 373 845 Alexander,
385 800 421 833 an
438 801 500 833 cum
515 784 578 852 ipso
594 781 717 837 militare
730 782 825 845 vellet,
835 784 996 854 interrogat.
1014 785 1041 837 iu
1057 787 1119 856 qui-

135 864 280 929 1111111111
296 867 367 918 idem
384 876 425 918 eat
442 867 513 935 quod
524 865 620 922 malle.

37 966 42 973 ·
70 980 76 1009 .-
151 957 186 1015 2.
212 950 250 1014 In
268 950 402 1037 obliqua
417 951 696 1037 interrogatione,
717 948 774 1016 ub'i
791 952 929 1023 verbum
945 951 1120 1021 cohaereat

67 1055 146 1099 curn
162 1036 374 1101 antecedente
391 1036 501 1122 aliquo
516 1037 638 1120 verbo,
660 1037 907 1102 coniunctirum
922 1040 1058 1125 requiri,
1082 1040 1118 1105 111

63 1133 234 1271 promptu
258 1132 315 1187 cat.
364 1121 511 1187 Fuerunt
529 1133 660 1205 tamen,
701 1123 757 1208 qui
783 1122 957 1191 indicativo
982 1146 1119 1211 quoque

90 1229 152 1272 auc
175 1208 289 1272 sedem
305 1208 542 1289 concederent,
567 1209 661 1273 nullo
677 1219 893 1294 argumento,
918 1208 973 1274 sed
990 1210 1118 1298 decepti

64 1290 149 1358 fulcu
165 1293 436 1379 interpunctione·
451 1293 641 1359 verborum.
688 1292 930 1359 Rumshornius
947 1295 982 1359 in
992 1297 1117 1361 Gram-
1137 1334 1141 1338 -

62 1388 145 1443 mat.
174 1402 207 1468 p.
229 1381 304 1444 497.
332 1389 364 1442 11
386 1380 474 1444 varia
500 1380 650 1456 miscuit,
681 1388 715 1443 et
732 1381 915 1455 rationem,
943 1402 1026 1466 quae
1049 1403 1117 1447 una

64 1472 130 1545 est,
157 1464 192 1528 in
224 1465 364 1530 diversas
394 1475 504 1552 partes
531 1465 700 1544 distraxit,
738 1475 769 1530 et
785 1465 927 1552 denique
949 1467 1115 1553 corruptis

62 1551 227 1637 exemplis
247 1573 324 1614 usus
339 1560 405 1631 est,
421 1547 521 1616 veluti
537 1552 605 1615 Cic.
624 1553 660 1615 in
677 1552 771 1616 Verr.
787 1555 828 1631 3,
845 1557 905 1627 26,
929 1551 982 1617 64.
1007 1541 1114 1618 Ptaur.

61 1634 168 1701 Mera.
192 1643 230 1716 1,
260 1642 300 1710 2,
331 1637 384 1700 34.
414 1636 470 1700 dic
493 1637 579 1700 milei
606 1634 749 1701 audoni
780 1636 863 1724 quid
884 1659 1026 1723 usquam
1050 1640 1113 1720 eet,

60 1720 155 1808 quod
169 1722 347 1808 pruisquam
363 1722 414 1785 ati
423 1723 555 1807 possiet
578 1723 652 1786 eine
668 1721 761 1787 malo
786 1722 889 1788 omni.
932 1721 1113 1808 Interpun-
1206 1730 1211 1736 '
1248 1771 1251 1780 .

34 1886 37 1891 ¹
62 1807 131 1871 otio
152 1818 232 1893 post
247 1809 333 1871 milri
354 1807 509 1895 ponenda
529 1807 609 1884 erit,
640 1818 679 1871 ut
701 1807 884 1891 indicetur,
923 1809 1113 1892 interroga*
1140 1833 1142 1837 ’
1253 1810 1256 1819 “

60 1892 191 1956 tionem
213 1903 335 1957 rectam
357 1915 417 1980 per
443 1915 477 1956 se
500 1904 606 1974 stare,
625 1915 685 1958 nec
708 1893 853 1980 pendere
875 1917 894 1957 a
917 1893 1019 1957 verbo
1041 1894 1112 1959 dic.

60 1977 108 2042 Ita
136 1979 348 2043 scribendum
375 1978 510 2042 Terent.
534 1979 637 2042 Andr.
664 1985 700 2058 1,
733 1986 772 2060 1,
801 1983 852 2043 18.
875 1979 957 2064 quin
984 1991 1021 2042 tn
1043 2001 1111 2047 uno

61 2061 159 2137 uerbo
189 2063 264 2130 clio:
294 2062 376 2150 qnid
396 2076 450 2131 est,
468 2064 558 2151 quod
579 2087 633 2129 rne
655 2063 767 2129 aclis?
788 2063 923 2129 Terent.
939 2064 1056 2146 ΑΜ,
1080 2069 1112 2140 1,

60 2153 113 2213 41.
136 2172 229 2214 nunc
255 2150 348 2230 aide,
385 2161 499 2214 atrurn
530 2150 601 2214 eis:
639 2161 823 2236 argentam
852 2151 1025 2235 accipere,
1062 2172 1111 2214 an

59 2257 221 2299 caussam
246 2235 412 2298 meditari
441 2246 548 2299 taam.
607 2234 914 2322 Interpungeudum
945 2245 1015 2300 erat
1045 2233 1109 2299 ita:

59 2343 150 2385 nrtnc
172 2319 269 2395 aielee
300 2321 502 2395 utrumne,
541 2332 726 2406 argentum
749 2345 784 2385 a.
809 2345 842 2386 a.
866 2345 894 2386 c.
918 2343 964 2384 m.
989 2317 1113 2385 tuam?

12 2406 169 2485 „simili
194 2406 299 2487 modo
317 2407 454 2493 ponitur
469 2405 545 2471 eide
565 2404 671 2473 Stich.
689 2408 720 2485 5,
742 2408 774 2488 4,
798 2412 849 2471 16.
873 2406 969 2471 aide.-
993 2417 1111 2470 atram

20 2528 36 2557 ,1
58 2491 124 2556 titt
138 2489 221 2556 libet
237 2494 425 2556 etiamnum
441 2515 582 2576 capere,
610 2514 695 2577 cape
713 2492 943 2578 prouinciam.
985 2490 1024 2554 In
1039 2491 1110 2556 Cic.
1155 2498 1157 2501 ’

56 2600 91 2664 p.
102 2577 287 2641 Rosc.Am.
308 2580 368 2657 41,
393 2582 464 2641 119.
486 2578 702 2664 interpungo:
733 2600 858 2665 quaero
874 2577 934 2642 abs
952 2588 1004 2640 te.-
1026 2577 1108 2652 iine,

58 2663 117 2762 pai
134 2661 377 2749 postulabant,
394 2661 536 2749 indigni
560 2674 679 2744 crant,
714 2663 772 2748 qui
786 2664 1030 2748 impetrarent,
1060 2684 1110 2725 an

56 2761 122 2832 rete
136 2772 206 2813 non
224 2745 469 2829 coarmantur,
492 2770 562 2833 pro
586 2769 649 2834 quo
665 2746 917 2834 postulabant?
944 2746 1049 2810 Sicuti
1070 2747 1110 2812 in

57 2845 144 2899 orat.
161 2857 196 2921 p.
213 2833 310 2898 Rosa.
327 2834 402 2896 Am.
418 2835 481 2914 43,
504 2834 579 2899 125.
596 2832 656 2897 ubi
669 2833 841 2900 Wetstrius
856 2833 1109 2904 coniunctivum

55 2920 290 3007 reponendum
310 2918 454 2998 censuit,
477 2918 620 2994 Orellius
648 2928 681 2982 et
706 2917 760 2982 alii
781 2919 865 2983 bene
888 2927 1108 2985 correxerunt

40 3007 373 3092 interpunctionem.
416 3003 459 3067 Et
481 3009 539 3085 30,
561 3008 614 3070 83.
637 3002 847 3068 scribendum
873 3015 938 3070 est:
961 3003 1107 3068 desina-

53 3113 129 3154 mus
148 3090 201 3155 ali
221 3089 337 3154 uando
353 3113 395 3152 ca
414 3090 563 3155 scrutari
572 3138 581 3169 ,
598 3111 685 3176 quae
698 3100 776 3152 sant
791 3090 933 3155 inania.-
950 3106 1107 3176 'qaaera-
1220 3166 1223 3170 ἱ

52 3199 149 3258 raras,
180 3114 238 3238 alt
260 3172 463 3260 malificium
486 3185 519 3237 et
543 3185 592 3238 est
617 3185 651 3238 et
673 3175 820 3239 inueniri
838 3186 963 3260 potest.
994 3172 1047 3238 vel
1068 3180 1106 3234 ut
1212 3200 1216 3205 ·

53 3263 109 3327 alii
133 3262 283 3325 codicesz
312 3282 516 3347 quaeramus
539 3255 764 3343 maleficiam,
794 3258 853 3326 uli
868 3272 901 3326 et
917 3270 966 3325 eet
983 3270 1015 3323 et
1031 3257 1055 3321 i.
1066 3277 1106 3342 p.
1217 3258 1220 3265 ’

53 3349 76 3415 1.
95 3371 124 3412 1.
146 3368 340 3433 quaeramus
357 3346 420 3423 ibi,
446 3343 504 3407 ubi
522 3344 723 3409 maleficium
742 3355 802 3410 est.

139 3439 171 3496 3.
207 3433 247 3496 G.
267 3431 309 3495 Τ.
330 3433 368 3494 Α.
385 3431 556 3516 Kriigerus
571 3431 606 3493 in
625 3431 683 3494 Dis
710 3429 919 3495 uisitionibus
934 3450 1105 3516 gramma-

52 3519 126 3582 ticis
137 3521 153 3601 (
161 3517 463 3602 Untersaclaangen
477 3537 540 3579 aas
556 3514 632 3578 clem
644 3454 783 3588 Gllriete
800 3515 862 3579 der
876 3513 939 3603 lat.
952 3514 1106 3600 Spraclr-

53 3605 158 3669 lelrre.
181 3602 276 3683 Erat.
296 3599 389 3689 Hcft.
413 3599 638 3665 Brannscliw.
660 3600 769 3686 1820.)
793 3602 834 3664 de
847 3598 1009 3665 infinitivo
1027 3620 1105 3663 cum

52 3689 223 3779 particulis
238 3688 479 3772 interrogativis
496 3687 529 3750 in
554 3686 703 3753 oratione
720 3685 854 3773 obliqua
870 3684 1104 3770 coniungendo

51 3798 180 3840 novom
196 3773 428 3860 'quaestionem
447 3772 610 3836 subtiliter
632 3771 789 3835 instituit:
825 3771 861 3834 in
882 3768 945 3834 hau
969 3771 1105 3857 obliqua

54 3861 209 3926 oratione
226 3858 473 3923 coniunctivum
488 3858 589 3946 poni,
610 3857 668 3920 ubi
686 3856 808 3942 aliquid
826 3866 954 3921 revera
973 3855 1106 3943 quoesi-

52 3956 130 4011 tum
146 3957 178 4010 et
192 3944 450 4033 responsionem
466 3953 688 4034 exspectatum
706 3964 776 4007 esse
797 3951 968 4022 narretur,
990 3941 1104 4011 infini-
