2618 4770
518 336 757 405 annorvm.
834 330 838 339 ’
961 420 965 429 ‚
1025 359 1028 364 ¹
1099 349 1165 413 aa

196 497 357 566 eomparatur
368 432 442 547 ¹enirn
463 494 583 564 pecunia,
601 510 667 563 qaae
685 495 758 546 nulla
775 499 833 548 er'at
851 497 947 564 allata,
966 517 1024 552 cam
1041 517 1081 569 es,
1098 520 1165 572 qaae

195 581 319 643 afferenda
336 591 395 633 erat
412 588 458 631 ant
474 581 682 650 exspectabatur.
696 642 699 647 ⁶

204 687 231 750 5.
252 681 561 765 „creberrimebae
574 680 735 770 particula
753 699 830 747 usus
855 694 905 747 est
921 675 1108 772 Salvianus
1128 700 1167 752 ut
1204 668 1206 679 Ι

141 782 271 858 appareat
289 767 346 832 illa
360 769 445 832 mire
461 767 659 832 delectatum
674 767 787 833 fuisse.
809 770 812 775 ’
832 767 911 833 Fere
932 776 1040 834 aulem
1064 796 1176 862 mm:

136 855 296 946 ξμς-Μία
321 877 394 918 eam
418 855 587 917 sententiis
613 853 765 934 infersit,
797 874 920 917 sonum
938 858 1043 941 magis
1065 850 1167 944 (suam

139 951 241 1005 certam
252 926 371 1002 ‘ullam
402 937 679 1026 significationem
711 960 881 1024 quaerens.
944 941 1045 1020 Quod
1077 951 1167 1008 enim

139 1025 337 1091 bitterbusius
361 1033 475 1103 notat,
507 1046 692 1111 numquam
715 1025 808 1088 aliter
833 1046 951 1105 usum,
977 1046 1077 1113 quam
1099 1050 1165 1115 pro

134 1109 236 1201 forest
245 1109 514 1196 propemodums
542 1111 735 1196 quomodo,
756 1122 794 1200 ut
817 1110 879 1174 alia
901 1113 1057 1176 omittam
1080 1113 1165 1195 loca,

141 1197 235 1261 atillo
252 1194 329 1259 libr.
348 1199 380 1260 θ.
400 1195 442 1258 de
465 1195 612 1259 Gabern.
635 1197 698 1260 Dei
721 1195 851 1258 ostendi
875 1198 1000 1282 possit,
1023 1218 1094 1262 non
1114 1200 1167 1264 vi-

141 1282 196 1346 deo.
239 1280 365 1344 Omnes
385 1281 477 1343 enim
492 1280 698 1354 admodum,
721 1280 849 1367 inquit,
878 1282 916 1344 in
936 1281 1168 1367 perditionem

140 1378 239 1446 rorat,
262 1378 324 1430 aar
346 1376 453 1436 certe.
477 1376 514 1429 ut
531 1365 630 1429 aliud
649 1365 767 1428 dicam
781 1365 904 1447 levius,
928 1390 1018 1452 pene
1040 1392 1166 1436 omnes.

119 1450 245 1517 Attene
268 1472 384 1516 omnes
409 1450 600 1519 admodum
625 1462 657 1514 et
672 1450 763 1536 pen'e
784 1472 899 1514 omnes
929 1455 1085 1540 opponit.
1127 1455 1168 1520 ln

143 1538 236 1602 asteris
248 1537 417 1625 plerisque
432 1537 461 1599 si
477 1536 743 1634 admodumper
757 1536 897 1600 omnino
918 1560 1088 1625 exponas,
1110 1542 1166 1604 ni-

143 1621 317 1701 bilfcceris,
336 1622 427 1706 quod
445 1644 462 1685 a
478 1630 590 1686 mente
610 1621 752 1686 Salviaai
768 1621 981 1686 abhorreat.“
1017 1624 1167 1691 Tuoms-

144 1726 207 1773 ειη.
228 1709 313 1772 Huic
334 1718 436 1792 quum
452 1705 654 1771 Facciolatus
669 1707 884 1794 adstipulatus
901 1718 993 1790 esset,
1014 1709 1168 1773 Schwar-

143 1793 206 1857 aits
226 1792 421 1882 repugnavit
448 1790 510 1855 hac
534 1790 669 1878 quidem
697 1793 1010 1879 argumentationes.
1030 1817 1167 1875 „omnes

143 1877 307 1943 admodum
322 1887 399 1941 sunt
416 1895 549 1959 omnes,
570 1876 627 2025 Hui
647 1876 845 1942 admodum
860 1880 1084 1963 requiruntur,
1101 1879 1168 1944 boc

145 1964 224 2028 ratde
239 1962 358 2050 quibus
373 1984 476 2025 nemo
501 1963 567 2027 desi
593 1972 713 2026 eratur.
757 1963 815 2026 His
831 1985 917 2050 pene
932 1971 1059 2029 -omnes'
1070 1988 1168 2031 com-

144 2048 220 2113 mode
240 2047 372 2136 opponi
395 2067 494 2134 posse
516 2048 703 2112 videntur.“
753 2047 923 2113 Ernestius
946 2060 1056 2114 autem
1086 2051 1167 2115 haee

144 2132 259 2198 addidit:
286 2133 352 2216 „Et
367 2143 481 2230 potest
498 2134 586 2222 apud
602 2132 792 2197 Salvianum
816 2133 1005 2198 admodum
1017 2136 1168 2233 pesitum

144 2238 193 2282 esse
206 2221 285 2307 grati
301 2242 375 2282 som
392 2240 522 2298 caussa,
545 2218 639 2282 nullo
660 2229 751 2282 certo
767 2241 885 2299 sensu,
909 2230 942 2284 et
958 2220 1034 2284 alibi
1054 2223 1168 2284 omm-
1199 2258 1204 2275 »

144 2325 176 2366 ao
187 2304 375 2455 sifinificare.
421 2303 474 2367 Sic
492 2305 609 2369 Graeci
623 2299 679 2385 δή,
704 2305 796 2390 quod
812 2305 889 2369 huic
907 2304 1095 2370 verbosare
1112 2329 1168 2370 re-

144 2410 206 2474 spon
231 2401 279 2472 at,
302 2389 406 2454 modo
423 2398 513 2453 certo
534 2410 634 2454 sensu
655 2401 809 2476 ponunt,
838 2390 943 2455 modo
968 2399 1169 2475 παροικληρω-Ι

143 2479 482 2563 puisaia,p1·aesertim
499 2482 572 2538 non
596 2475 864 2561 elegantissimi.“
907 2477 994 2542 Haec
1017 2478 1169 2543 doctrina

99 2622 104 2627 .
142 2563 230 2645 paucis
245 2563 297 2628 rel
313 2561 437 2624 nemini
454 2560 553 2624 hodie
566 2559 774 2646 probabitur.
793 2600 796 2607 ·
818 2562 989 2627 Salvianus
1004 2585 1081 2626 cum
1098 2564 1168 2627 aliis

144 2646 338 2736 scriptoribus
354 2647 447 2709 istius
464 2646 575 2710 aetatis
593 2644 780 2710 admodum
789 2649 958 2734 usurpavit
973 2670 1037 2736 pro
1055 2651 1169 2713 omm'-

95 2730 100 2795 ζ
142 2751 188 2806 m,
200 2755 361 2819 prorsus.-
383 2733 482 2799 etiam
501 2732 536 2794 in
554 2729 637 2810 isto,
661 2751 761 2816 quem
777 2736 992 2820 apposuimus
1006 2733 1096 2811 loco,
1112 2735 1171 2798 ubt

141 2836 233 2883 omues
247 2817 437 2882 admodum
452 2828 500 2881 est
515 2816 555 2881 ad
576 2837 683 2880 unum
700 2840 834 2898 omnes,
849 2815 986 2894 ἅπαντες.
1024 2819 1073 2883 lta
1097 2821 1171 2884 Na-

142 2903 225 2968 mius
239 2907 401 2990 Panegyr.
433 2904 606 2966 Constant.
638 2903 700 2983 25,
727 2903 758 2964 4.
782 2924 850 2987 per
874 2915 948 2968 tota
980 2903 1172 2969 admodum
1212 2984 1218 2996 ι
1284 2955 1288 2961 ,

140 2990 255 3054 mama
276 3012 410 3076 magna
428 2989 483 3051 vis
506 2987 698 3066 hominum,
715 2988 772 3072 qui
793 2988 888 3052 locus
908 2989 1084 3054 confirmat
1107 3013 1169 3054 ex-

140 3071 615 3160 plicationem,quamp.171.f.
631 3073 758 3137 deloco
775 3074 955 3161 Pomponii
963 3075 1067 3141 Melae
1084 3074 1168 3140 feci-

139 3177 211 3224 mus:
235 3160 289 3223 hic
306 3183 395 3224 enim
418 3168 653 3246 nonpossunt
669 3158 774 3222 intelli
798 3159 956 3224 imocnia
978 3183 1065 3248 pene
1085 3171 1167 3241 tots,

136 3244 263 3310 saltora
281 3246 431 3310 omnino.
467 3242 566 3308 Conf.
582 3244 760 3309 Facciolati
775 3183 881 3331 bpist.
903 3251 933 3310 9.
953 3268 988 3333 p.
1007 3250 1082 3312 453.

201 3376 234 3437 6.
279 3373 359 3437 Non
380 3373 496 3436 minor
517 3381 566 3434 est
590 3369 750 3435 dissensus
764 3370 919 3437 ¹virorum
936 3373 1169 3462 doctorumkin

134 3458 310 3522 nominibus
330 3457 507 3522 numerum
522 3455 548 3518 si
570 3454 798 3537 nifieantibus,
822 3457 940 3543 quibus
964 3460 1022 3523 ubi
1040 3461 1168 3523 additur

133 3481 838 3630 amwffimsffisiidfimiffffita,
863 3541 953 3631 fere.
998 3545 1048 3610 lta
1072 3542 1168 3608 Gisa-
1247 3548 1252 3555 '

130 3625 190 3693 nius
206 3629 242 3693 in
254 3628 390 3693 Observ.
406 3652 440 3715 p.
453 3629 504 3691 14.
530 3627 686 3691 Graevius
704 3626 744 3690 ad
759 3626 873 3691 lustin.
892 3629 945 3707 24,
968 3635 999 3710 2,
1021 3635 1052 3693 6.
1077 3631 1168 3692 Gro-
1224 3649 1226 3654 ’

129 3731 196 3779 nov.
220 3714 263 3778 ad
288 3714 357 3778 Liv.
381 3719 443 3789 27,
468 3719 528 3791 30,
548 3718 580 3776 2.
617 3712 1030 3800 Sciopp.Susp.Lect.4.
1053 3719 1106 3777 20.
1157 3758 1167 3776 .

127 3800 192 3864 231.
214 3798 433 3863 schwartzius
450 3809 482 3862 et
506 3796 680 3862 Schiitzius
704 3797 744 3860 de
763 3799 880 3862 Partis.
934 3799 1000 3877 Qui
1025 3820 1103 3862 vero
1128 3737 1168 3862 dc

125 3883 247 3949 ratione
280 3885 497 3969 quaerebant,
537 3906 594 3947 eos
620 3882 661 3946 ad
696 3904 795 3946 vanas
829 3885 969 3970 argutias
1002 3882 1169 3947 aberrasse

125 3970 279 4041 videmus.
322 3969 507 4034 Schellerus
535 3969 623 4033 enim
643 3967 852 4032 existimabat
874 3967 1168 4056 aalmodamponi

124 4075 196 4119 cum
225 4054 461 4119 numeralibus
505 4076 543 4117 ro
574 4053 718 4140 simplici
748 4052 814 4133 acl,
852 4054 994 4138 ideoque
1020 4055 1167 4119 vocabu·

121 4137 190 4207 lum
204 4141 345 4208 modum
358 4139 462 4208 radun
486 4161 558 4219 are,
577 4139 715 4211 velutin
726 4137 965 4226 postmodam:
989 4161 1072 4228 quae
1087 4162 1166 4207 sen·
