2618 4770
385 352 580 437 Auoovt
637 304 862 436 anioovrn.
1088 350 1174 427 ass·

112 508 255 601 alioquin
270 478 384 577 modo.
418 510 513 591 Quae
528 530 627 597 saepe
642 507 814 590 adhaeret,
837 507 1032 600 lbtfflin
1047 526 1153 580 Anic-
1185 489 1272 574 Μ’

118 614 193 674 utut
206 609 239 664 et
253 596 289 661 in
305 597 509 684 ceteroquin,
526 594 936 692 diversaacompositioue
952 598 1044 664 verbi
1059 600 1152 695 pitin,
1204 586 1287 777 tili!5
1307 625 1309 630 ,

121 683 198 771 quod
217 683 342 772 estqui
363 705 432 750 nou
454 703 511 747 seu
534 704 597 770 quo
620 703 709 758 nou,
738 679 889 745 moltiori
910 681 1046 769 quidem
1066 706 1153 750 sono

111 784 221 835 ¹vocem
235 768 360 833 claudit
378 767 572 853 hiatumque
594 775 758 853 temperat
780 775 855 829 ante
870 767 1069 835 vocabulum
1080 766 1154 836 ¹vo·-

127 855 362 942 c'aliincipieus:
383 852 440 918 sed
460 875 532 917 uon
552 852 646 917 omni
663 850 902 936 significatione
927 874 1045 941 expers
1058 858 1157 937 ὀοῃὲ

130 938 231 1031 spirare
250 940 381 1006 videtur
405 960 482 1003 cum
501 938 606 1037 ipsius
631 936 723 1003 verbi
745 938 896 1003 notione.
940 939 1155 1029 Quamquam

132 1028 190 1097 haec
202 1025 299 1091 dubia
313 1048 366 1091 res
391 1034 585 1094 auctoritate
608 1024 814 1110 scriptorum
836 1023 1002 1091 librorum
1029 1022 1156 1093 c'onfir'-

133 1114 270 1179 mannan
287 1120 414 1201 potesta
436 1111 461 1176 ii
477 1109 567 1176 enini
585 1109 709 1195 ubique
724 1109 924 1196 discrepant.
963 1111 1097 1178 Curtius
1113 1112 1158 1180 ad

134 1198 235 1265 PlinE
262 1204 329 1279 .1,
351 1202 414 1277 20,
438 1200 470 1262 2.
492 1204 607 1262 narrat
630 1218 665 1259 se
687 1195 722 1259 in
738 1194 834 1260 Plinii
853 1205 886 1259 et
905 1196 1036 1284 Apuleii
1060 1199 1157 1264 eodi-

136 1282 200 1349 cibus
213 1220 336 1369 ubique
351 1283 513 1369 reperisse
531 1281 695 1368 alioquin,
712 1281 801 1366 quod
820 1302 920 1369 quam
936 1283 1024 1348 male
1039 1276 1177 1351 obser-¹

136 1370 296 1450 vatumsit,
314 1377 482 1433 monstrat
497 1365 715 1466 Oudendorp.
735 1365 776 1430 ad
790 1367 920 1454 Apulei.
937 1367 1018 1433 Met.
1032 1392 1068 1457 p.
1080 1371 1157 1438 .44.=

135 1453 401 1521 drakenborchius
418 1463 527 1518 autem
545 1449 663 1533 refert,
681 1473 716 1517 in
730 1448 926 1517 melioribus
940 1453 1024 1520 Livii
1041 1474 1159 1520 exem-

134 1533 253 1629 plaribus
277 1540 344 1629 legi
366 1539 495 1627 alioqui
518 1539 617 1602 etiam
637 1547 711 1602 ante
729 1537 890 1603 vocalem.
922 1538 988 1603 vid.
1008 1539 1048 1603 ad
1066 1544 1105 1622 8,
1126 1546 1159 1625 9,

1226 686 1250 802 ,
1295 690 1301 708 ,

137 1626 240 1693 tetad
256 1631 318 1706 37,
339 1625 401 1707 46,
422 1627 453 1690 5.
478 1623 658 1688 Burmann.
669 1614 1158 1701 adQuinctil.lnstit.Prooem.
1237 1674 1239 1677 -
1270 1650 1273 1671 ·

137 1711 392 1799 l.0udeud0rp.
413 1709 454 1775 ad
482 1707 610 1798 Apulei.
635 1732 672 1797 p.
699 1712 750 1772 16.
774 1706 816 1771 ad
835 1710 974 1774 Sueton.
1002 1709 1080 1776 Tib.
1105 1716 1159 1778 72.
1260 1713 1262 1717 ’

134 1796 242 1863 Veteres
280 1795 498 1862 Grammatici
532 1793 618 1860 nihil
646 1793 857 1882 praecipiunt
888 1805 1019 1886 praeter
1053 1816 1160 1862 unum

135 1878 276 1970 Captum,
292 1881 350 1968 qui
366 1882 411 1964 de
429 1879 539 1946 Orthe
563 1903 590 1944 r.
613 1903 649 1968 p.
673 1880 769 1944 2241.
788 1879 885 1945 haec:
918 1880 1017 1969 atqui
1040 1892 1161 1947 cureat

134 1962 343 2034 dissimiliter
359 1967 508 2055 alioqui.<
540 1904 636 2054 bapt.
653 1966 730 2030 Pius
747 1965 787 2029 ad
799 1967 930 2032 Lucret.
944 1972 995 2048 8,.
1006 1966 1081 2032 415.
1104 1988 1165 2032 se-

134 2055 224 2137 quenti
246 2052 372 2134 vocali,
409 2053 536 2139 inquit,
573 2050 760 2129 imitatione
786 2052 991 2125 Graecorum
1021 2051 1162 2135 dicimus

133 2136 282 2229 alioqum
308 2148 465 2227 sequente
480 2159 559 2201 vero
576 2147 792 2217 consonante,
812 2146 851 2200 ut
865 2148 1012 2202 servetur
1029 2138 1160 2238 eupho-

131 2220 189 2306 nia,
209 2225 349 2323 alioqui.
393 2224 435 2287 At
458 2244 530 2288 non
552 2231 645 2287 tanta
672 2231 742 2287 erat
768 2222 856 2311 apud
887 2224 1022 2287 Latinos
1052 2222 1162 2288 hiatus

176 2335 206 2386 a,
228 2321 266 2384 ut
290 2310 382 2375 illam
409 2309 555 2372 litteram
578 2305 613 2372 N
637 2329 673 2372 ea
700 2306 781 2394 legis
801 2309 993 2379 necessitate
1016 2308 1164 2376 adstricti

131 2411 144 2452 t
185 2397 325 2477 berent,
359 2416 423 2481 qua
439 2392 556 2458 Graeci
571 2418 591 2458 ν
611 2388 821 2481 inueneritis
845 2395 1056 2483 interponere
1073 2392 1165 2475 sole-2,

130 2471 258 2560 bant,'et
270 2503 313 2545 ne
332 2481 373 2561 de
384 2479 521 2567 singulis
540 2478 674 2566 quidem
691 2479 910 2566 scriptoribus
918 2490 1007 2565 certa
1020 2498 1163 2546 consue·

128 2567 233 2632 tudinis
249 2566 363 2655 regula
378 2573 489 2653 potest
502 2564 667 2634 constitui.
691 2564 755 2629 vid.
767 2563 1120 2631 SchneideriGramm.
1130 2572 1161 2631 1.

128 2666 156 2733 p-
171 2655 238 2720 165.
257 2662 291 2717 et
305 2655 381 2717 497.
424 2650 590 2738 Equidem
604 2651 639 2715 in
655 2648 711 2713 illa
725 2649 879 2731 litterali]
897 2673 968 2715 uon
982 2653 1051 2716 vim
1066 2652 1166 2717 dubi·

127 2739 289 2805 tativama
338 2759 436 2815 asco,
467 2736 508 2800 de
535 2722 1063 2823 qua'iisv'eibd'undicendum
1091 2739 1164 2819 erit,
1263 2752 1285 2809 ¹,

127 2825 173 2889 cd
191 2822 414 2925 ⁰fflsl‘lffi
438 2842 530 2902 eam,
555 2842 637 2907 quae
654 2832 791 2909 apparet
808 2821 845 2885 in
869 2822 942 2904 ein,
972 2823 995 2888 i.
1014 2847 1043 2888 e.
1066 2845 1169 2889 wenc

126 2905 207 3000 ‘lese
233 2934 287 2975 θη·
318 2897 586 2996 ffil‘fiffiiitffl·
608 2905 776 2997 liffeim.
792 2906 979 2996 almuse
1000 2908 1205 2998 nicasio...

124 2991 179 3064 hoe
200 2934 344 3062 alterum
358 2993 533 3058 notionem
551 2982 724 3082 oppositae
746 2984 809 3056 rei¹
819 2980 924 3081 magb
940 2980 1187 3081 cillentuquod

121 3079 224 3170 ipsum
239 3083 308 3146 iam
323 3077 563 3168 significatione
579 3078 730 3145 vocabuli
744 3074 936 3145 involvitur.
972 3078 1023 3145 lta
1042 3076 1167 3145 factum

122 3189 183 3234 esse
204 3167 355 3245 videtur,
391 3174 430 3228 ut
451 3165 628 3252 scriptores
651 3162 729 3228 huic
755 3163 937 3230 discrimini
988 3188 1085 3231 arum
1112 3174 1169 3232 aut

119 3254 198 3319 nihil
209 3252 413 3332 tribuerent,
437 3260 468 3315 et
481 3250 517 3316 in
533 3249 682 3336 eligenda
698 3247 878 3315 formavel
897 3188 1030 3316 sumbus
1045 3251 1097 3317 vel
1113 3274 1169 3341 ar-⁴

119 3338 220 3407 bitrio,
236 3338 348 3403 obtem
377 3343 517 3400 erarent.
544 3334 667 3415 Fuisse,
686 3337 743 3421 qui
760 3335 896 3400 alteram
913 3335 1059 3402 sormam
1077 3336 1170 3401 αἰίο-

118 3427 198 3593 piin
235 3360 483 3512 improbarent,
525 3417 582 3484 ille
617 3419 725 3519 Caper
753 3418 988 3507 grammaticus
1017 3432 1168 3487 testatur.

149 3531 230 3576 aare
246 3509 282 3573 in
300 3505 507 3573 defendenda
525 3528 563 3570 ea
578 3503 728 3571 firmiora
740 3506 875 3607 quidem
886 3517 1080 3594 argumenta
1095 3517 1169 3570 tra·
1206 3523 1209 3535 '

118 3606 205 3661 ctare
219 3609 292 3658 uon
308 3594 394 3659 lieet.
436 3591 588 3671 Accedit,
609 3591 700 3678 quod
715 3613 885 3658 universus
902 3593 1001 3660 huius
1017 3590 1171 3657 vocabuli

117 3694 197 3746 usus
225 3702 297 3745 non
319 3689 448 3743 tautum
479 3675 661 3743 admodum
684 3698 814 3761 recens,
835 3679 895 3744 sed
917 3703 935 3744 a
959 3698 1172 3827 quocumfiue
1197 3709 1200 3715 ·

118 3767 282 3854 scriptore
313 3763 525 3852 peculiariter
555 3762 790 3840 determinatus
822 3774 883 3830 est.
938 3762 1010 3827 Iam
1041 3762 1105 3826 Cae
1122 3763 1171 3826 'us

120 3851 336 3938 calcagninus
350 3851 386 3914 in
401 3849 506 3939 Epist.
525 3847 661 3928 Quaest.
678 3853 709 3914 3.
722 3871 758 3936 p.
773 3848 827 3915 42.
844 3847 1009 3929 narrabat,
1032 3870 1067 3912 se
1082 3846 1172 3945 apud

120 3939 315 4003 Ciceronem
332 3956 501 4021 nusquam⁴
518 3924 637 4020 legisse
655 3932 720 3997 hoc
734 3934 945 3999 vocabulum.
994 3936 1122 4021 Atque,
1143 3954 1171 3996 si
1226 3988 1229 3993 .

119 4024 250 4111 integra
270 4045 323 4086 res
340 4030 406 4100 est,
433 4041 502 4084 uno
520 4019 556 4085 in
570 4019 648 4083 loco
667 4019 784 4084 Cicero
806 4020 838 4083 id
855 4018 1054 4105 vccabulum
1069 4038 1172 4084 usur-

119 4111 222 4198 pavit.
265 4108 351 4172 Nam
369 4104 459 4193 quod
476 4098 511 4170 in
533 4104 628 4169 Orat.
650 4106 708 4184 15,
741 4107 794 4168 48.
815 4104 954 4197 legitur,
971 4102 1100 4177 factum
1123 4113 1174 4170 est

121 4195 162 4262 ab
186 4193 387 4275 editoribus,
416 4188 492 4279 qui,
520 4200 558 4255 ut
579 4190 689 4258 oratio
716 4184 948 4277 aliquomodo
969 4186 1172 4270 cohaereret,
