2618 4770
532 263 633 371 avr.
1031 303 1095 371 arr

24 494 27 498 ·
115 471 190 546 quid,
209 471 230 524 i.
239 487 263 524 e.
277 482 398 539 magnum
412 460 520 534 aliquid,
536 457 647 531 quodde
654 452 687 509 iis
697 456 797 511 duobus
813 457 955 521 habuerint
968 476 1092 532 comper-

115 570 181 623 tum,
201 557 281 609 etiam
298 552 331 607 de
349 548 444 607 ceteris
460 555 489 603 re
505 544 672 616 comperisse.
705 542 774 595 Nam
789 544 911 596 militaris
929 548 1090 599 consuetudo

115 639 236 698 adhunc
255 640 399 694 censoriam
421 635 585 690 notationem
607 627 750 683 transferri
772 647 827 685 non
844 635 978 702 poterat.“
1014 634 1095 686 doni.

116 730 235 799 exempla
251 740 328 796 supra
342 725 431 776 allata.
468 740 472 749 ¹

130 839 183 898 12.
212 829 360 896 Sediam
380 816 818 916 atmffiammgilgghuic
832 823 1010 910 particulae
1026 824 1092 889 tri-

43 917 190 986 buerunt
203 924 403 1005 potestatem
418 911 562 985 variam,
584 927 702 992 quam,
724 906 852 993 abipsa
870 909 1027 992 alienam,
1051 911 1095 975 ad

43 1005 149 1069 totius
180 997 413 1069 enuntiationis
444 992 591 1063 formam
613 989 739 1054 referre
761 1013 825 1056 nos
850 1006 992 1081 oportet.
1042 994 1094 1062 lta

44 1089 224 1156 Diomedes
239 1112 273 1176 r·
290 1087 365 1148 4¹2·
382 1071 526 1166 ..ppetuu
542 1074 827 1174 cmoritur.
846 1074 1095 1167 erroneum

44 1170 84 1242 in
99 1170 206 1240 'verbis
222 1183 283 1238 aut
296 1179 332 1234 ru
348 1182 476 1250 magne
489 1173 592 1248 pater
613 1158 734 1224 ιῖῐυιιηι
756 1159 925 1230 miserere.
950 1156 1095 1254 {turim

45 1261 229 1328 verborum
252 1253 342 1341 apud
364 1249 481 1334 virgil.
506 1249 586 1311 Aen.
600 1250 649 1323 ,9,
669 1246 744 1309 496.
767 1245 867 1332 longe
891 1250 1020 1318 diversa
1047 1263 1096 1318 est

44 1348 146 1413 ratio.
189 1339 316 1421 Nostris
332 1333 537 1422 temporibus
554 1330 756 1396 Goerenzius
772 1331 812 1394 ad
830 1334 898 1397 Cio.
914 1337 954 1403 de
970 1335 1047 1427 Leg.
1065 1346 1096 1418 1,

48 1432 112 1511 13,
132 1427 185 1496 36.
211 1436 244 1490 et
267 1424 325 1498 14,
348 1422 403 1485 41.
426 1418 613 1482 observasse
641 1415 704 1479 sibi
728 1414 814 1479 visus
847 1430 914 1500 est,
949 1444 1011 1508 per
1034 1435 1097 1489 aut

30 1518 193 1595 arontam
216 1532 256 1576 ex
283 1507 360 1573 rimi
383 1505 442 1571 vel'
461 1500 657 1568 continuari.
700 1500 769 1564 Nec
791 1500 944 1583 deerant,
970 1510 1027 1593 qui
1045 1530 1098 1572 as.

47 1603 222 1667 sentirent.
295 1613 337 1681 gu
362 1601 470 1656 autem
493 1589 573 1652 dum
597 1585 709 1650 omniu
731 1584 979 1737 circumspicio,
1002 1592 1098 1657 inve-

47 1691 122 1754 nire
139 1700 210 1750 non
224 1681 339 1769 potui,
367 1676 533 1763 quodnam
552 1673 676 1737 ironiae
698 1681 871 1760 reeeptacu
888 1690 942 1738 um
964 1676 1000 1739 iu
1024 1698 1097 1743 voe.

50 1783 115 1838 aut
132 1772 232 1835 situm
252 1767 303 1830 sit.
352 1763 407 1827 Ex
428 1761 488 1840 iis,
520 1758 575 1846 qui
597 1753 798 1857 afferuntur,
828 1758 909 1822 loeis
933 1758 1032 1824 alteri
1066 1773 1100 1827 et

48 1850 181 1922 reiiieei
198 1867 259 1919 tuo
275 1848 414 1916 libertas
430 1841 620 1909 disserenda
636 1842 766 1906 amissa
784 1847 851 1925 esi,
868 1857 936 1925 ,auu
957 1857 993 1910 tu
1011 1847 1042 1910 is
1064 1868 1100 1912 ee

50 1948 113 2010 etc.
136 1940 279 2006 ironiam
301 1933 400 1998 habet
423 1931 598 1995 indicatam
620 1929 654 1992 in
678 1927 779 1993 verbo
803 1928 950 2010 seilicet,
978 1941 1010 1996 et
1037 1944 1100 1998 aut

51 2025 189 2095 inservit
205 2014 420 2099 correctioni,
443 2033 552 2101 neque
569 2013 662 2078 aliter
686 2022 723 2075 se‘
744 2011 867 2099 habent
885 2018 982 2080 verba
998 2017 1033 2081 in
1048 2016 1100 2083 al·

50 2116 128 2181 tero
147 2112 222 2176 loeo
239 2119 301 2173 aut
320 2103 453 2170 incauti
469 2111 527 2166 etc.
548 2098 614 2164 vid.
631 2122 666 2187 p.
682 2100 755 2163 530.
797 2098 848 2164 lbi
865 2101 957 2165 nulla
972 2103 1102 2168 ironiae

83 2195 203 2264 otestas
221 2194 316 2260 valet.
367 2189 500 2252 Tamen
517 2191 565 2248 est
581 2185 688 2270 aliqua
704 2184 810 2249 oratio
828 2186 957 2251 ironiae
973 2185 1101 2268 similis,
1144 2182 1147 2187 ’

10 2332 16 2341 .
52 2309 91 2352 in
116 2299 180 2371 qua
196 2291 258 2345 aut
281 2293 343 2364 per
364 2293 436 2338 eum
458 2271 546 2353 uim,
575 2288 658 2358 quae
682 2268 843 2334 deteriora
858 2281 954 2358 atque
970 2267 1103 2340 minora

54 2367 215 2459 opponit,
243 2359 504 2446 indignationem
526 2356 684 2444 exprimit
700 2354 983 2444 interrogatione,
1003 2380 1104 2447 prae·

53 2457 156 2522 missa
176 2449 336 2516 sententia
353 2443 512 2532 negativa.
844 2476 852 2483 ··

158 2573 233 2641 Virg.
255 2575 319 2622 Aen.
335 2567 369 2629 3,
391 2563 434 2618 48.
453 2581 510 2616 non
534 2575 577 2617 me
599 2549 651 2618 tiit
678 2552 766 2619 Troia
776 2562 924 2630 ,externum
946 2563 1031 2618 tulit.-
1051 2575 1104 2619 aut

125 2676 205 2714 eruor
220 2655 266 2711 irio
282 2644 318 2708 de
333 2643 432 2722 stipite
450 2649 568 2702 mutuat?
583 2641 658 2698 Ovid.
672 2649 734 2698 Her.
750 2636 792 2710 16,
803 2636 861 2700 169.
875 2668 924 2703 nec
937 2654 1037 2721 piger:
1054 2661 1104 2703 aar
1204 2694 1207 2698 ,

127 2761 258 2815 umquam
282 2735 368 2791 stulte
393 2734 493 2806 legisse
516 2731 656 2786 videbor?
683 2729 732 2796 16,
752 2726 812 2785 357.
832 2752 881 2786 nee
903 2731 970 2805 pius
991 2728 1105 2789 Atrides

128 2827 218 2883 animi
236 2821 393 2880 Menelaus
416 2815 530 2872 iubebit
548 2829 629 2889 quatu
651 2811 749 2871 Paris-s
774 2824 824 2869 tert
844 2819 929 2869 termis
947 2815 1106 2889 anteferen-

86 2920 90 2931 '
128 2911 182 2966 dus
201 2910 275 2964 erit?
304 2910 345 2958 ita
365 2906 429 2957 haec
453 2897 540 2954 omnia
559 2903 767 2969 interpungeuda
788 2902 852 2952 mihi
872 2901 1009 2954 videntur}
1035 2904 1106 2972 quod

130 2998 154 3050 si
175 2992 378 3064 improbaveris,
397 2987 537 3042 referenda
555 2995 616 3036 sunt
633 2986 739 3037 adeam
757 2987 883 3052 formam,
902 2986 935 3038 de
955 3004 1005 3056 qna
1024 2987 1105 3038 modo

126 3081 282 3150 loquuturus
302 3093 366 3130 sum.
384 3071 595 3142 interrogatione
603 3070 705 3122 scilieet
722 3070 760 3124 ris
778 3071 883 3122 additur
900 3072 1016 3124 orationi
1034 3071 1105 3125 aiio-

128 3167 194 3237 quin
204 3162 401 3231 languescenti.

128 3300 134 3319 .
175 3263 229 3319 cic.
249 3265 383 3328 16616,
405 3253 438 3330 1,
460 3264 503 3318 21.
519 3269 649 3336 potestne
666 3255 754 3330 igiter
780 3258 925 3332 quisquam
945 3250 1050 3322 arua,
1067 3262 1107 3312 fa·
1213 3295 1216 3301 .

128 3361 172 3406 ter
189 3360 261 3416 eum,
281 3349 328 3424 qui
346 3346 458 3409 doleat,
477 3359 506 3403 et
528 3351 601 3403 inter
619 3360 691 3410 eum,
714 3344 762 3416 piri
779 3347 809 3399 in
827 3344 976 3417 uoluptate
994 3340 1047 3404 ait,
1067 3347 1109 3398 ui·

129 3435 172 3491 iiii
194 3432 349 3492 intereste?
367 3440 417 3486 aut
432 3436 474 3488 ita
491 3431 539 3503 qui
557 3433 676 3493 sentiat,
696 3448 752 3483 non
768 3427 943 3502 apertissima
960 3429 1109 3483 insaniae?

91 3568 94 3576 ·
146 3542 197 3601 13.
228 3535 492 3605 Indiunationem
512 3532 563 3597 ‘vel
584 3533 769 3619 irpieipppm
795 3533 919 3597 ineius
943 3541 1109 3610 sermono,

60 3619 122 3712 qui
139 3622 220 3686 aiios
237 3590 407 3701 huaietutt
421 3607 639 3697 ''i'ei'i'it'oiiet',
669 3600 836 3705 per'iianu
860 3615 1042 3680 formulam
1068 3615 1109 3679 ab

59 3720 126 3775 aut
144 3708 357 3795 incipientem
373 3702 533 3796 exprimi,
557 3702 591 3766 id
606 3702 775 3768 Ernestius
801 3703 842 3766 ad
856 3701 960 3765 Tacit.
979 3705 1031 3782 13,
1055 3704 1110 3765 21.

60 3794 202 3859 notavit.
244 3792 293 3856 Ibi
307 3792 445 3878 legitur:
473 3799 536 3853 aaut
555 3789 713 3869 exsistat,
736 3789 793 3875 qui
808 3787 959 3851 cohorter
974 3786 1012 3850 iu
1029 3783 1112 3850 urbe

58 3889 235 3954 tentatae,
259 3877 315 3965 qui
324 3870 702 3962 provinciarumfidom
716 3869 986 3958 indisjuetatam,
1008 3869 1112 3935 deni-

60 3987 126 4052 que
141 3985 252 4029 servor
267 3961 319 4026 ael
330 3959 466 4025 liberter
485 3957 534 4023 ad
551 3959 657 4023 aeelue
672 3969 847 4042 corruptae
869 3967 1010 4044 arguat.
1052 3955 1113 4018 Est

60 4070 196 4115 sensus:
220 4057 275 4112 aut
295 4047 324 4111 si
345 4046 429 4126 hoe,
453 4042 543 4131 quod
567 4043 637 4108 dixi
645 4058 740 4127 ,uon
762 4039 923 4123 suffiatur,
942 4062 1005 4108 neo
1025 4040 1112 4107 desi·

61 4144 153 4229 stant
175 4132 335 4203 delatores
342 4174 354 4216 ,
386 4130 522 4199 exsistat
541 4138 603 4202 ete.
655 4127 937 4297 Ρ1666Ριὲ651.1,
964 4128 1004 4203 4,
1038 4129 1112 4196 118.

884 4231 904 4276 a
