2618 4770
129 460 183 504 res
208 437 251 500 sit
274 434 368 512 talis,
396 456 438 499 an
463 433 535 498 alia.
592 433 762 499 Sententia
776 434 881 523 igitur
891 435 974 501 haec
991 436 1151 511 disiuncta
1185 488 1199 528 g

131 535 197 603 est,
219 522 356 608 ipsaque
376 519 593 608 interrogatio
611 519 678 584 hoc
698 521 802 585 modo
826 520 916 586 facta
932 523 1094 611 duplicem
1110 527 1189 594 ha',

130 609 187 672 bet
202 618 351 694 partem,
376 607 443 670 sive
467 606 573 673 verbis
595 628 804 692 expressam,
829 609 898 671 sive
921 611 1153 698 non-'signifiea-

129 704 211 757 tam.
254 693 341 756 Nam
361 691 417 777 qui
435 692 561 776 quaerit
572 692 727 776 paucine
742 691 844 759 sunl?
867 703 964 757 etan
985 694 1041 759 ita
1062 699 1154 763 exuti-

98 786 111 803 ⁸
129 775 230 843 mas?
250 776 372 862 cogitat
388 776 470 840 haee
489 776 611 863 plena:
633 777 748 863 pauci,
775 799 817 841 an
839 800 911 842 non
925 781 1101 866 paucisint
1114 796 1156 849 ne·
1195 778 1199 783 ’

131 864 221 941 seio,
248 861 492 945 unammiter,
513 884 554 925 an
578 862 623 924 ita
640 863 807 926 existimes
832 863 978 945 dubitus¹
1001 887 1099 952 quare
1115 869 1156 943 de,-
1194 918 1199 953 ἰ

129 972 245 1025 cerne,
269 959 382 1010 utrum
399 947 451 1010 sit.
494 946 722 1034 Respondenti
736 948 837 1035 igitur
848 970 985 1036 semper
996 972 1045 1016 >ex
1059 952 1157 1021 duabu

42 1042 47 1051 '
128 1035 183 1101 vel
199 1032 351 1122 pluribus
365 1032 464 1096 rebus
478 1053 545 1095 una
561 1043 610 1096 est
628 1032 800 1119 eligenda,
818 1033 944 1121 illeque
954 1046 1012 1100 aut
1028 1034 1160 1117 affirmat,
1195 1104 1196 1116 ,

129 1130 186 1185 aut
207 1129 316 1205 negat.
361 1117 578 1182 contrahitur
603 1128 714 1181 autem
744 1119 825 1183 haec
849 1122 1038 1205 qtraerentis
1064 1124 1158 1201 oratio,
1197 1175 1199 1183 s

28 1207 31 1214 '
129 1227 191 1269 nee
215 1205 315 1291 plena
340 1203 446 1267 verbis
474 1203 656 1289 exponitur
674 1204 713 1267 iis
733 1205 887 1282 omissis,
915 1227 1000 1297 quae
1023 1204 1160 1274 faedeex'

128 1290 230 1356 altera
244 1289 426 1353 sententiae*
439 1288 791 1375 parteintelliguntur.
1067 1340 1090 1367 »,
1136 1346 1141 1357 .

212 1374 251 1438 In
266 1376 368 1439 latino
386 1395 541 1438 sermone
556 1372 789 1461 distinguimus
810 1376 935 1463 triplex
959 1374 1061 1441 lulius
1076 1377 1160 1445 inter·
1176 1400 1179 1407 ’

126 1462 311 1549 rogationis
333 1481 453 1546 genus:
485 1459 520 1522 id
543 1459 634 1545 quod
656 1463 727 1545 ipsa
751 1461 870 1526 dubiae
884 1461 1096 1549 cogitationis
1115 1484 1160 1527 na·

127 1556 204 1611 tura
224 1545 298 1610 fieri
321 1547 423 1609 iubet.
478 1545 628 1611 Primum
655 1546 747 1609 enim
768 1558 1009 1635 proponuntur
1032 1547 1161 1613 dua'em

128 1654 230 1719 aeque
254 1631 389 1712 dubiae,
427 1652 568 1718 quarum
597 1631 843 1696 alteramutram
873 1655 947 1699 esse·
975 1633 1172 1707 decernetur.¹

126 1717 202 1782 Hoc
226 1717 323 1805 plene
339 1716 537 1802 exprimitur
554 1716 660 1780 verbis
685 1728 800 1780 utrum
817 1753 860 1771 -
875 1740 941 1800 un,
972 1719 1044 1799 ¹vel,
1061 1716 1163 1793 antiret

127 1803 164 1903 in
191 1803 298 1901 priori
325 1813 419 1890 parte
441 1801 603 1888 particula
628 1803 915 1890 interrogationis,
931 1862 933 1868 s
947 1806 1089 1892 ponitur
1109 1804 1162 1869 dis·

914 1360 919 1368 ι

8 1936 14 1957 ,
68 1906 71 1913 ’
127 1899 313 1965 iunctrvum
329 1887 531 1953 vocabulum
555 1910 621 1967 aa,
643 1888 697 1952 vel
715 1888 923 1963 inbreviare
944 1913 983 1954 ac
1008 1900 1163 1955 eontracta

128 1975 280 2039 oratione
296 1971 496 2060 significatur
510 1994 572 2057 per
592 1973 839 2038 voculationem
855 1976 1025 2062 aliquanto
1042 1996 1162 2062 suspen·
1183 1994 1187 2009 ¹

29 2066 32 2071 ‘
124 2083 210 2141 sam,
232 2082 263 2123 v.
281 2081 310 2121 e.
334 2055 457 2144 infelix
477 2069 526 2121 est
544 2056 727 2121 Fabricius
737 2108 752 2139 ,‚
769 2059 858 2146 quod
875 2084 934 2126 mss
950 2084 1051 2124 stium
1058 2056 1163 2148 fodit?

127 2145 242 2209 Senee.
268 2145 309 2208 de
330 2145 427 2207 Pro-v.
452 2149 483 2207 3.
527 2139 601 2217 Ne:
637 2145 729 2230 quod
753 2168 818 2233 pro
841 2158 1000 2215 utrumne
1031 2146 1160 2232 ponitur,

125 2231 270 2377 simpglex
297 2239 345 2293 est
374 2228 643 2318 interrogationis
666 2241 767 2314 nota,
793 2254 854 2296 nec
880 2233 1065 2321 quidquam
1088 2228 1161 2297 aliud

125 2317 210 2380 sioni
237 2324 298 2377 cat.
586 2340 600 2385 ᾖ
770 2350 774 2355 ·
809 2333 811 2337 ·
1136 2366 1140 2378 ,
1187 2320 1199 2375 ῑΙ

155 2367 175 2402 ⁰
210 2398 249 2463 In
272 2398 333 2463 hae
357 2422 437 2466 vero
464 2396 618 2487 ambigua
640 2400 965 2488 dubitationequum
982 2401 1115 2472 ,animus
1130 2419 1160 2467 ex
1197 2390 1199 2413 ⁵

126 2485 252 2549 duabus
270 2485 369 2550 rebus
386 2508 488 2549 unam
506 2486 623 2573 eligere
639 2497 671 2551 et
687 2487 976 2574 comprehendere-
986 2487 1106 2562 tendat,
1119 2483 1159 2559 fe-

127 2570 189 2634 eile
207 2571 246 2634 ad
264 2571 403 2635 alteram
419 2583 550 2659 partem
570 2572 775 2655 delleetit,.et
789 2574 825 2636 in
850 2594 916 2659 qua
931 2582 1031 2658 parte
1049 2570 1159 2659 proba·
1184 2639 1189 2661 ¹

127 2655 261 2719 bilitatis
286 2658 417 2742 pondus
439 2659 543 2745 magis
571 2679 756 2741 gravescere
779 2659 866 2723 videt
874 2707 884 2739 ,
918 2655 1159 2721 affirmationem

124 2742 178 2806 vel
201 2743 410 2828 negationem
437 2755 512 2807 ante
537 2754 697 2830 occupat,
723 2749 823 2830 quain
847 2744 891 2807 de·
908 2743 1044 2807 veritate
1060 2743 1159 2806 deere-
1196 2740 1199 2747 ’

126 2837 200 2890 tum
225 2838 284 2892 est.
333 2829 424 2892 'l'alis
452 2830 553 2916 igitur
571 2829 784 2915 interrogatio
809 2829 948 2893 alterum
970 2827 1160 2915 probabilius

127 2935 168 2976 ac·
180 2935 295 2991 verum
312 2937 381 2978 esse
394 2913 591 3001 praesumit,
614 2914 741 2999 sibique
761 2915 944 2981 admixtam·
961 2913 1062 2977 habet
1081 2910 1160 2978 affir-

124 2999 309 3063 mationem
325 2999 377 3062 vel
399 3001 626 3086 negationem,
656 3022 773 3086 quam,
798 3002 854 3088 qui
900 3000 1022 3079 uaeris,
1052 3021 1094 3063 ex
1114 3018 1160 3061 sua

126 3083 287 3147 sententia
302 3085 525 3170 propositam,
549 3085 645 3149 etiam
664 3085 703 3148 ab
719 3086 789 3149 aliis
808 3023 1041 3150 conlirmatam
1056 3084 1161 3147 habere

125 3168 197 3232 vult
214 3179 246 3233 et
263 3181 441 3255 exspectat.
488 3173 566 3250 Quo
592 3169 729 3256 quidem
742 3172 847 3234 modo
864 3171 959 3234 alteri
973 3171 1063 3256 parti
1109 3189 1162 3232 on·

40 3313 41 3317 ,
126 3254 186 3332 dus
202 3254 442 3341 probabilitatis
463 3257 612 3335 additur,
637 3257 732 3320 alteri-
745 3255 938 3321 detrahitur.
966 3192 1163 3340 Arqueliane

124 3339 237 3403 iudicii
253 3342 507 3426 occupationem
522 3341 650 3416 Latini,
666 3338 735 3404 ubi
749 3342 791 3404 ad
805 3340 1064 3405 affirmationem
1090 3361 1164 3427 pro·

124 3425 200 3511 pius
218 3426 393 3505 accedunt,
416 3428 631 3514 prioremque
654 3427 921 3514 interrogation-is
942 3426 1075 3513 partem
1097 3423 1165 3490 elle·

59 3570 62 3575 ,
123 3521 221 3592 runt,
248 3511 350 3575 verbo
366 3534 478 3576 nonne
500 3514 712 3598 exprimunt,
740 3513 807 3577 sive
831 3536 878 3576 an
901 3535 934 3574 se
960 3522 1076 3588 uatur,
1108 3512 1165 3574 sive

124 3617 194 3659 non
211 3607 383 3682 sequatur,
407 3606 438 3660 et
454 3598 578 3660 omisso
596 3597 761 3660 vocabulo
781 3620 867 3676 non,
889 3535 1001 3660 valiis„
1012 3621 1056 3661 ne
1070 3633 1114 3647 -
1128 3618 1166 3660 aa

124 3681 176 3743 vel
191 3703 257 3744 una
268 3704 346 3746 voce
359 3703 420 3744 ne:
445 3682 531 3746 velut
540 3693 760 3767 putasne-me
774 3679 996 3768 hocfecisse?
1016 3683 1166 3767 quodesl,

125 3788 168 3828 ex
184 3789 258 3829 mea
276 3767 437 3853 opinione>
449 3777 564 3853 putas:
589 3765 758 3836 itaneest?
779 3767 817 3830 ln
833 3766 894 3830 hae
911 3767 1011 3852 igitur
1027 3771 1167 3832 interro·

125 3853 259 3936 gatione
274 3853 369 3938 prior
382 3875 459 3939 pars
480 3851 633 3928 effertur,
658 3851 802 3916 secunda
818 3853 959 3916 recedite
981 3874 1087 3938 quare
1100 3853 1168 3940 ple·

123 3957 267 4023 rumque
289 3936 372 4001 haec
393 3938 558 4002 omittitur
583 3938 691 4002 etiam.
741 3937 807 4000 Vbi
829 3949 943 4001 autern
961 3939 1168 4025 negationem

125 4031 199 4085 ante
216 4034 410 4109 occupatam
429 4023 571 4102 habent,
594 4033 626 4087 et
643 4033 834 4108 exspectant
848 4023 940 4103 illud,
963 4024 1055 4109 quod
1072 4045 1168 4110 quae-

124 4116 219 4190 runt,
241 4130 311 4172 non
327 4119 411 4183 esse,
430 4109 489 4174 sed
503 4110 609 4196 magis
619 4107 901 4196 valerealterum,
918 4108 1009 4195 quod
1024 4110 1168 4176 secundo
