2618 4770
1012 370 1015 376 ·
1131 345 1182 395 XV

140 502 195 553 non
210 477 346 570 regulas
369 480 426 547 aut
446 471 699 565 significationes
722 468 982 560 multipliciorem,
1009 476 1069 544 sed
1088 480 1182 551 onim

137 607 235 696 stirpis
263 602 476 690 multiplicem
497 600 732 677 „formationem
762 619 967 697 exponerem.
1019 605 1182 677 Observa·

135 736 217 833 fione
228 732 332 824 igitur
343 731 447 819 longa
465 740 499 798 et
511 739 675 825 perpetuu
690 748 773 817 opus
788 735 868 821 erat.
909 728 1018 817 Saepe
1040 733 1126 801 enim
1146 734 1181 803 in

135 863 176 931 lu
189 865 293 931 rebus
312 847 491 935 ‘auctoritas
505 867 539 926 et
553 879 631 925 usur
657 855 762 945 magis
782 855 889 922 valent
909 877 1006 944 quam
1027 861 1127 943 ratio,
1148 873 1183 932 et

130 961 213 1080 quod
229 1013 252 1057 a
267 989 359 1057 nullo
378 1010 532 1077 umquam
551 983 710 1072 scriptore
726 981 848 1051 dictum
863 983 936 1065 est‚'
947 987 1063 1074 negari
1077 988 1183 1075 decet,

130 1118 275 1207 potuisse
288 1118 369 1196 dici,
392 1139 455 1185 nec
468 1114 594 1194 omnia,
621 1134 706 1200 quae
730 1111 858 1200 optimis
881 1111 1090 1199 scriptoribus
1111 1119 1182 1205 plu-

129 1257 282 1327 cnernnt,
310 1245 408 1315 etia'm
428 1267 450 1311 a
472 1240 620 1331 reliquie,
653 1260 719 1306 uon
743 1238 835 1305 malis
863 1237 1010 1329 quidem,
1044 1246 1182 1331 probatu
1302 1230 1305 1235 ¹

129 1383 211 1442 runt.
255 1375 367 1451 Quare
380 1369 531 1461 equidem
543 1368 576 1435 in
589 1389 651 1435 usu
666 1364 933 1448 demonstrando,
953 1368 1010 1435 nbi
1031 1393 1180 1461 necessu-

128 1500 211 1569 rium
233 1499 422 1595 ridebatur,
446 1507 596 1587 tempora
621 1503 654 1561 et
676 1493 867 1583 scriptorum
889 1518 1014 1585 genera
1036 1496 1179 1571 distinxi:

134 1650 213 1721 quae
237 1627 334 1706 omni
370 1625 509 1715 tempori
540 1622 728 1709 cunctisque
750 1603 969 1711 ¹peripteribus
1000 1614 1181 1700 communia

133 1764 222 1835 runt,
253 1755 410 1845 exemplis
437 1748 656 1843 comproberi-
677 1768 719 1819 ex
744 1748 878 1821 dirersis
906 1752 1092 1823 auctoribus
1123 1757 1180 1826 de·
1210 1780 1211 1785 ¹

130 1883 287 1975 metis»

213 2009 286 2080 Sed
298 2009 393 2079 aliam
407 2006 691 2100 reprehensionem
702 2004 779 2079 mihi
794 2005 959 2079 imminere
973 2007 1068 2079 video
1084 2008 1181 2089 etium

134 2139 299 2230 aceperis
315 2137 545 2228 magnitudine.
566 2137 669 2204 Multa
684 2161 757 2204 esse
774 2138 892 2222 dicent,
920 2150 1181 2228 quaetamquam
1244 2195 1253 2203 .

134 2267 281 2337 omuibus
296 2264 429 2357 cognita
449 2263 567 2344 omitti,
587 2264 703 2346 multa,
722 2278 806 2352 quae
818 2264 945 2340 brerius
961 2265 1025 2333 dici
1037 2267 1182 2356 potuisse

134 2403 167 2463 et
186 2416 265 2467 reru
289 2392 439 2466 debuisse
459 2390 636 2459 rideantur.
678 2392 721 2459 At
739 2414 804 2459 non
824 2391 894 2460 sine
915 2393 1048 2461 consilio
1069 2417 1181 2484 agere,
1213 2492 1216 2503 Ι

131 2510 335 2590 redomnem
349 2519 514 2588 materiem
536 2519 638 2586 tribue
659 2518 870 2591 voluminibus
893 2521 1063 2611 complecti
1083 2523 1180 2612 volui,

129 2672 194 2717 nec
206 2658 317 2716 tamen
337 2647 435 2715 ullam
456 2646 638 2740 argumenti
656 2655 780 2736 partem
804 2649 985 2740 negligere.
1035 2650 1182 2718 Primum
1211 2684 1215 2701 =

129 2775 233 2869 igitur
251 2774 330 2842 mihi
348 2772 548 2864 propositum
571 2783 658 2856 erat,
683 2774 807 2858 omnia,
834 2799 917 2864 quae
941 2801 962 2846 a
982 2775 1058 2843 viris
1077 2776 1181 2859 doctis
1303 2756 1306 2761 ¹

128 2903 300 2990 hucusque
312 2900 472 2990 disputata
487 2910 560 2969 sunt
576 2900 618 2970 de
636 2901 686 2969 his
700 2904 815 2987 rebus,
835 2904 992 2995 colligere
1013 2914 1047 2972 et
1060 2875 1190 2985 iudicio!

128 3053 279 3123 pensare.
321 3023 410 3103 Tum
427 3028 461 3096 in
479 3029 647 3104 universae
659 3025 708 3099 rei
724 3025 856 3100 alicuius
869 3032 1068 3122 expositione
1084 3057 1127 3102 ne
1140 3057 1180 3102 ea

128 3144 263 3249 quidem
286 3156 389 3238 omitti
416 3165 567 3246 possunt,
600 3181 685 3246 quae
711 3159 817 3227 multis
845 3170 900 3228 aut
932 3162 1078 3231 omnibns
1102 3171 1181 3254 neta

127 3294 213 3354 eunt.
253 3284 341 3357 Nam
354 3283 387 3350 in
403 3305 512 3359 rerum
526 3293 640 3352 natum
654 3285 731 3353 nihil
743 3296 808 3354 tam
823 3309 958 3376 parrum
972 3298 1029 3357 aut
1045 3290 1179 3381 uulgare

132 3435 205 3483 erae
224 3421 349 3513 potest,
371 3411 460 3501 quod
483 3411 742 3491 consideratione
760 3435 830 3487 ‚non
856 3413 991 3505 dignum
1020 3427 1179 3508 putemus,
1233 3488 1236 3495 ,

133 3549 189 3607 aut
206 3538 298 3628 quod
316 3561 383 3608 non
402 3536 446 3607 ad
470 3538 533 3607 alia
553 3548 744 3629 argumenta
764 3542 917 3632 graviora
933 3566 994 3612 nos
1012 3544 1180 3634 perducat.
1207 3549 1210 3553 ’

129 3667 283 3756 Denique
298 3665 478 3736 cavendum
490 3675 575 3748 erat,
598 3689 640 3733 ne
661 3670 807 3767 exempla
818 3670 909 3739 nimis
923 3673 1023 3741 multa
1036 3692 1178 3760 appone.-

129 3804 252 3865 emtor.
282 3793 323 3862 In
342 3817 383 3862 eo
400 3793 501 3875 enim,
516 3792 605 3883 quod
618 3795 690 3861 fieri
703 3806 836 3885 potest.
848 3798 925 3866 nihil
938 3797 1038 3865 refert
1053 3821 1177 3887 engone

130 3920 234 4003 visre,
257 3942 354 4009 quarn
372 3920 408 3991 id
431 3944 529 4012 caepe
545 3921 612 3991 fiat.
652 3916 766 4013 Itaque
785 3925 909 3993 ratione
934 3923 1021 4012 quod
1042 3924 1174 3993 demon·

130 4058 235 4121 mure
256 4048 455 4151 sufficielpat,
473 4072 538 4120 uuo
560 4058 682 4121 tantum
703 4052 853 4142 exemplu
873 4053 1096 4140 comprobari:
1120 4073 1177 4122 cu·
1290 4038 1307 4145 .-
