2618 4770
385 322 546 402 aaran.
587 315 804 404 narnate.
956 312 959 318 ’
1064 344 1128 439 sss
1243 374 1244 379 κ

155 490 194 556 5.
225 487 330 554 Siouti
350 500 449 570 ante,
477 490 583 554 otiam
603 503 709 556 antea
723 492 759 558 in
777 489 993 583 disponendis
1006 470 1129 565 'diver-

97 598 101 636 ι
121 575 344 663 temporibus
361 577 500 663 ponitur
519 598 585 663 pro
598 579 762 664 primum.

110 723 113 728 ·
189 696 246 751 Lir.
273 692 308 759 8,
333 693 366 759 8,
391 694 418 747 8.
445 694 544 766 clipeis
571 709 656 752 antea
682 699 807 755 Romani
832 705 877 756 usi
902 714 986 758 eunte
1013 703 1129 770 deinde,

138 791 296 853 postquam
316 780 496 851 stipendiarii
513 777 589 850 facti
614 795 697 850 sunt,
723 796 802 840 scuta
825 805 877 856 pro
895 787 994 860 clipeis
1012 785 1131 861 feneret

140 875 175 920 et
192 863 269 936 quod
289 875 374 918 antea
400 865 558 936 phalanges
584 866 690 922 similes
717 869 922 937 macedonicis,
949 871 1001 928 boe
1028 884 1131 946 postea

141 947 346 1020 amnipulatim
366 962 472 1007 structa
492 955 566 1007 aries
584 957 676 1024 coepit
701 973 770 1010 esse.
808 957 964 1033 Postremo·
978 960 1008 1012 ia
1032 957 1131 1029 plures
1213 961 1215 964 ’

134 1034 259 1091 ordinet
277 1033 491 1089 instruebantur.
515 1037 561 1089 ubi
582 1036 628 1088 alii
646 1039 723 1090 codd.
743 1050 817 1094 ante.

181 1137 387 1210 Plinnena.
406 1135 509 1205 4‚11‚
528 1125 570 1195 18.
597 1140 736 1211 oppidum
761 1139 812 1195 sub
839 1141 982 1216 Rhodope
1011 1145 1130 1202 Ponere·
1151 1116 1154 1126 Ι

145 1216 225 1297 polis
245 1214 344 1285 antea,
380 1241 446 1277 mox
471 1245 491 1278 a
519 1225 663 1282 conditore
692 1225 923 1301 Philippopolis,
948 1249 1019 1286 nune
1037 1250 1056 1288 a
1072 1235 1131 1288 situ
1185 1286 1188 1291 ,
1232 1271 1253 1293 ,κ

97 1311 100 1388 '⁴
152 1308 341 1368 Trimontium
360 1307 446 1365 dicta·

429 1456 765 1569 ANTEqu.

162 1663 262 1729 Recte
276 1663 422 1746 faciunt,
447 1665 557 1752 quiin
575 1659 740 1732 turenae
760 1687 832 1732 non
853 1667 1041 1755 intelligunt
1063 1662 1131 1735 dae

97 1771 141 1813 ro
158 1750 244 1815 leaeo
259 1751 396 1832 dictum,
419 1752 476 1815 sed
494 1751 671 1816 ablativum
687 1753 732 1816 ita
751 1754 987 1842 compositum,
1012 1775 1148 1840 quem--
1228 1820 1230 1829 q

97 1834 262 1915 dmodum
279 1833 448 1902 formatur
471 1836 603 1918 adiano,
625 1849 850 1924 quopropter,
871 1839 1048 1904 haetenus.
1091 1839 1132 1904 ld

97 1922 150 1986 reri
166 1943 285 2009 posse,
309 1923 377 1995 iam
393 1920 584 1987 Perizonius
610 1924 650 1986 ad
668 1923 793 1988 Sanctii
807 1924 889 1989 Min.
907 1927 948 2007 4,
968 1925 1000 1989 4.
1024 1947 1059 2014 p.
1076 1930 1132 1990 72.

97 2006 256 2071 rbitratus
275 2018 335 2072 est.
371 2006 488 2095 Inepte
505 2008 734 2097 explicuerunt
748 2009 803 2074 alii
821 2002 959 2108 plurimi
973 2023 1133 2098 per-ante

97 2116 165 2160 aee
183 2094 345 2180 negotia,
366 2091 557 2181 sivefaota.
599 2095 748 2160 Donatus
773 2095 910 2182 quidem
933 2095 974 2160 ad
997 2095 1134 2171 Terent,
1172 2117 1175 2122 ·
1274 2104 1277 2111 ’

97 2179 182 2243 tndr.
201 2184 238 2258 1,
263 2185 303 2261 2,
329 2183 380 2244 16.
404 2181 595 2247 antebac
624 2203 692 2266 pro
714 2183 1133 2248 anteboeoooasnetu-

97 2265 162 2329 iiae
180 2265 303 2351 magis,
318 2287 421 2352 qnam
434 2267 572 2331 ratione
620 2267 726 2332 ‘eitun
748 2276 827 2333 nam
850 2271 897 2333 ita
919 2267 1133 2334 scribendum

97 2365 152 2416 sse
167 2368 270 2414 nemo
286 2372 357 2415 non
382 2351 480 2418 ridet.
532 2351 598 2417 Sed
636 2355 848 2436 rammetious
865 2353 936 2443 ipse
953 2352 1135 2420 vehemen-

97 2459 131 2502 er
151 2446 255 2500 errat:
288 2459 368 2500 nam
390 2437 456 2504 bae
481 2459 550 2501 non
577 2373 688 2504 soium
710 2440 751 2505 de
771 2440 868 2521 looo,
896 2438 954 2504 sed
978 2440 1075 2504 etiam
1092 2439 1134 2504 de

97 2544 237 2609 empore
253 2521 318 2586 dici
332 2532 480 2610 poterat:
508 2544 616 2610 neque
631 2546 738 2590 unum
757 2525 954 2590 vocabulum
969 2525 1056 2591 bora
1074 2537 1135 2601 est,

97 2608 174 2695 quod
191 2608 436 2674 substituamus.
479 2607 583 2685 Illud,
609 2610 699 2697 quod
716 2611 862 2698 Scaliger
877 2610 1042 2698 advo-gil.
1059 2609 1134 2674 Cul.

97 2732 113 2759 ·.
137 2693 255 2774 affert,
290 2695 451 2761 Varronis
475 2695 700 2783 baopropter,
724 2719 806 2778 ,non
840 2697 966 2760 dictum
998 2706 1046 2760 est
1070 2717 1135 2785 pro
1223 2718 1227 2726 ¹

97 2791 344 2928 roeosprropter‚
370 2782 427 2845 sed
444 2779 542 2845 habet
558 2778 644 2846 inse
660 2781 839 2847 ablativum
856 2781 1020 2846 eumdem.
1049 2847 1051 2851 ,
1112 2782 1115 2787 ’

192 2889 200 2928 1

204 2863 335 2953 gnificat
359 2884 527 2933 ANTEHAC
559 2866 726 2932 antehoc
762 2879 915 2959 tempus,
955 2876 1031 2932 ante
1052 2852 1137 2930 illud
1246 2849 1249 2853 ‚

97 2972 236 3038 empus:
276 2949 430 3036 nordem,
467 2957 591 3038 προτοῦ.
651 2953 880 3044 Opponuntur
914 2973 1021 3033 mene,
1063 2953 1137 3017 iam

97 3046 227 3102 ttunc.

185 3159 269 3210 Plant.
284 3159 358 3228 Capt.
381 3157 415 3220 2,
438 3158 473 3226 1,
498 3154 542 3212 47.
560 3158 637 3231 quod
656 3156 776 3212 antebao
793 3177 846 3230 pro
867 3160 925 3212 iure
942 3153 1140 3229 imperitabam
1197 3152 1219 3171 '¹

151 3260 235 3308 meo,
253 3263 325 3296 nune
345 3253 372 3296 te
391 3260 441 3296 oro
463 3262 513 3313 per
529 3239 647 3313 precem.
690 3247 800 3299 Terent.
821 3244 903 3299 Andr.
922 3244 953 3304 1,
975 3243 1008 3305 2,
1029 3241 1071 3293 15.
1088 3240 1140 3295 secl

152 3348 225 3382 nunc
242 3349 276 3383 ea
292 3347 335 3382 me
352 3330 493 3399 exquirere
511 3331 601 3402 iniqui
625 3332 716 3402 patris
735 3338 797 3382 este
817 3347 901 3395 nam,
928 3326 1004 3400 quod
1019 3316 1139 3379 antehae

148 3409 244 3485 fecit,
271 3411 342 3469 nibil
370 3412 409 3465 ad
434 3432 477 3466 me
501 3416 612 3468 attinet.
628 3442 663 3454 -
690 3413 774 3467 Nune
799 3412 843 3469 bie
865 3413 925 3468 dies
945 3411 1032 3465 aliam
1049 3412 1140 3464 uitam

152 3497 248 3570 affert.
284 3497 548 3564 Cio.adFem.12,
567 3497 620 3560 23,
639 3497 664 3550 6.
689 3508 773 3570 atque
794 3497 914 3553 antebac
940 3496 1051 3569 quidem
1076 3514 1139 3567 spe·

153 3603 215 3637 rare
240 3583 340 3638 saltem
367 3579 486 3635 licebat:
508 3600 580 3636 nune
604 3585 690 3636 etiam
708 3583 739 3638 id
757 3596 880 3654 ereptum
906 3593 957 3636 est.
998 3583 1062 3633 Non
1085 3581 1139 3634 alio

154 3669 234 3720 modo
253 3668 401 3723 Terentius
413 3667 496 3718 Andr.
513 3668 548 3731 2,
569 3667 600 3736 1,
616 3666 650 3722 Se
665 3681 696 3722 ut
713 3673 823 3724 animus
839 3673 868 3724 in
887 3685 938 3739 spe
957 3676 1042 3738 atque
1059 3669 1089 3721 in
1106 3667 1141 3719 ti·

155 3772 233 3808 more
256 3771 343 3825 usque
370 3751 489 3814 antebac
504 3762 628 3820 attentus
647 3748 730 3823 suit,
755 3757 813 3818 ita,
838 3761 989 3823 postquam
1004 3749 1141 3822 adempta
1183 3747 1186 3751 ’

154 3857 219 3910 spes
237 3850 295 3903 est,
315 3838 406 3892 lassus
425 3841 497 3891 eirca
514 3831 662 3907 confectus
685 3850 787 3910 stupet.
812 3838 857 3890 ubi
875 3839 1011 3888 Donatus:
1040 3835 1140 3897 idest,

154 3935 306 3996 antequam
325 3933 374 3975 tua
391 3922 475 3977 uerba
492 3921 639 3977 audirem:
656 3935 685 3977 et
703 3924 775 3977 duas
790 3921 1016 3995 praepositiones
1033 3922 1141 3991 posuit,
1185 3928 1192 3940 ·’
1224 3966 1227 3971 .

156 4019 188 4062 ut
206 4008 326 4062 dicitur:
348 4007 398 4061 sed
417 4028 471 4061 una
490 4018 532 4061 est
549 4019 675 4076 tantum,
696 4008 781 4062 veltet
801 4006 978 4070 adverbium,
1007 4023 1064 4058 non
1083 4009 1142 4059 iam

156 4095 344 4165 praepositio.
375 4093 456 4146 Nulla
474 4093 580 4145 omnino
601 4104 651 4149 est.
667 4091 804 4148 'Antehac
823 4102 863 4144 est
877 4091 1007 4170 antehoc
1027 4101 1139 4160 tempus,

157 4194 210 4248 quo
228 4177 350 4250 adempte
366 4194 426 4250 spes
447 4188 496 4232 est.
531 4179 617 4234 Tacit.
634 4183 702 4238 Anu.
723 4177 775 4249 16,
789 4175 842 4237 81..
866 4177 949 4235 tuat.
968 4175 1050 4249 Epid.
1068 4175 1138 4245 1,1.
