2618 4770
434 312 600 395 arara.
640 263 725 389 ic'.
765 264 769 279 ’
1045 316 1140 428 aas·

54 470 193 559 quidem
206 470 345 536 additur.
389 469 543 534 Attamen
560 465 592 530 id
612 489 682 530 non
708 456 773 531 alio
792 465 898 534 modo
915 479 1110 558 curentque
1184 508 1187 522 ·

52 557 211 623 eahaeret
220 606 230 639 ‚
255 580 354 643 quam
370 557 404 620 in
421 568 510 620 et-
526 553 671 640 quictem.

117 724 121 731 .
162 679 266 729 Sallust.
292 680 348 729 Cat.
373 678 423 741 51,
449 675 491 729 35.
518 686 601 746 atque
627 692 679 746 ego
702 674 770 728 baec
797 680 899 730 nonin
924 676 974 731 M·
1002 675 1109 743 Tullio,
1193 692 1201 707 ¹

127 783 214 835 neque
231 762 276 815 bir
293 761 462 832 temporibus
488 778 602 814 uereor.-
619 759 672 813 ·sed
704 762 734 813 in
760 779 863 831 magna
887 766 1001 818 civitate
1021 764 1112 817 nrislta

108 861 155 904 ‚et
174 853 254 903 varia
274 850 384 920 ingenia
402 857 474 899 sunt.
509 850 566 915 Ing.
587 844 637 909 14,
656 847 682 899 2.
702 845 854 917 Iugurtha,
872 875 908 887 ·-
930 850 1112 904 Masinissae

31 916 35 931 ¹
128 954 171 990 nse
204 944 333 1002 nepotem
363 941 390 985 et
414 935 470 986 iam
497 929 533 984 ab
557 935 645 1001 stirpe
669 935 775 986 socium
800 943 828 985 et
856 937 975 988 amicum
998 934 1111 1006 populo
1153 974 1155 989 .

128 1037 243 1075 romano
267 1034 352 1088 regno
376 1010 561 1086 fortunisque
589 1015 709 1085 expulit.
746 1019 840 1089 Atque
865 1036 917 1089 ego
951 1045 984 1056 -
1005 1018 1111 1072 vellem

125 1111 222 1178 potius
242 1101 277 1156 ob
305 1122 366 1155 mea
387 1121 469 1172 quam
497 1099 533 1153 ob
560 1105 696 1155 maiorum
720 1120 843 1156 meorum
867 1101 1002 1172 beneficia
1027 1121 1113 1175 posse
1157 1149 1161 1152 ⁴

129 1212 171 1244 me
188 1211 206 1242 n
226 1187 307 1242 vobis
324 1187 461 1241 auxilium
481 1195 575 1257 petere
592 1213 653 1241 --.4
684 1186 740 1239 Sed
761 1189 894 1257 quoniam
920 1207 1021 1258 parum
1050 1199 1113 1243 tuta

128 1296 179 1348 per
208 1278 323 1343 seipsa
348 1271 477 1340 probitas
504 1283 546 1324 est
571 1281 623 1324 etc.
661 1272 715 1323 Cic.
742 1272 774 1325 de
801 1273 853 1325 off.
877 1274 980 1338 3,11‚
1002 1261 1046 1329 48.
1070 1286 1113 1328 at·

130 1382 181 1435 que
207 1359 255 1416 ille
281 1357 432 1411 utilitatem
458 1360 537 1426 sequi
560 1353 726 1410 videbatur:
752 1357 802 1411 sed
827 1378 860 1411 en
881 1357 962 1411 nulla
987 1371 1047 1413 erat
1072 1380 1115 1414 re·
1146 1422 1149 1429 ⁴
1218 1360 1224 1373 “

127 1458 273 1520 pugnante
293 1443 446 1517 honestate.
476 1441 584 1494 Plurimi
605 1442 691 1494 critici
708 1454 818 1511 propter
838 1445 1031 1512 oppositionem
1048 1464 1115 1498 sen-

128 1535 270 1586 tentiarum
288 1531 449 1598 scripserunt
468 1528 565 1599 atqui.-
590 1528 698 1580 Voorda
716 1528 828 1597 perinde
849 1547 905 1581 esse
922 1539 1006 1597 putat,
1026 1541 1116 1582 utrum

130 1623 209 1691 atqui
226 1619 329 1683 legatur
347 1596 380 1665 aa
398 1626 490 1685 atque·
525 1618 560 1664 At
576 1613 627 1691 hac
642 1613 820 1669 necessarium
839 1631 905 1676 esse,
923 1614 981 1682 ipsa
1001 1633 1043 1667 res
1062 1617 1114 1667 do-

131 1716 181 1757 cet.
218 1698 545 1764 Quinct.1nst.12‚1l,
567 1697 591 1749 8.
611 1709 694 1769 atque
722 1698 753 1752 id
777 1700 837 1751 viro
865 1698 938 1752 bono
966 1703 1038 1753 satis
1064 1713 1116 1765 est,

133 1790 261 1842 docuisse
282 1783 358 1856 quod
375 1784 465 1838 sciret.
505 1785 608 1838 Vereor
628 1796 739 1847 tamen,
752 1802 793 1860 ¹ne
810 1795 861 1837 aut
877 1803 981 1856 magna
1000 1786 1116 1838 nimium

132 1873 231 1928 videar
255 1873 373 1938 exigere·
400 1870 445 1922 ubi
469 1871 538 1924 verti
565 1879 670 1940 potest:
692 1862 814 1939 freiliclr
837 1873 874 1924 ist
899 1889 1019 1942 genepe...
1036 1870 1116 1938 Spal-

135 1958 219 2025 diagii
241 1956 392 2007 coniectura
410 1960 489 2029 atqui
507 1956 538 2012 iil
555 1954 622 2009 falsa
643 1964 691 2009 est.
717 1956 767 2019 10,
785 1952 818 2020 4,
836 1957 878 2009 22.
895 1969 981 2029 atque
1000 1953 1118 2010 liberum

135 2041 246 2097 arbitris
265 2038 355 2093 locum
375 2051 403 2095 et
419 2060 502 2113 quam
516 2040 685 2097 altissimum
702 2040 844 2096 silentium
863 2039 1045 2096 scribentibus
1060 2060 1119 2094 ma·

130 2129 204 2183 :tinae
221 2118 365 2180 conuenire
382 2143 461 2198 nemo
482 2125 661 2192 dubitaverit.
698 2128 766 2181 Non
786 2141 880 2182 tamen
900 2138 950 2180 etc.
974 2127 1020 2179 ubi
1039 2127 1120 2179 etiem
1195 2175 1197 2185 ,

136 2216 183 2267 ille
194 2213 336 2266 inculcavit
354 2230 427 2263 suum
437 2214 525 2282 atqui.
550 2214 604 2266 Cic.
617 2214 730 2266 deOrat.
748 2212 777 2278 1,
797 2215 831 2279 8,
851 2213 893 2267 11.
911 2202 999 2285 atique
1018 2215 1048 2266 in
1066 2211 1120 2266 boa

136 2304 200 2370 ipso
235 2315 365 2364 numero,
395 2301 426 2351 in
459 2314 512 2370 quo
540 2316 654 2367 perraro
684 2299 807 2353 exoritur
835 2299 940 2371 aliquis
972 2295 1119 2363 excellens,
1166 2311 1168 2319 ⁴

135 2388 161 2438 si
179 2385 328 2455 diligenter
344 2394 372 2436 et
384 2401 422 2459 ex
441 2394 599 2457 nostrorum
616 2394 644 2437 et
659 2403 694 2437 ex
717 2382 887 2440 Graecorum
905 2385 988 2455 copia
1007 2402 1120 2455 compa·

134 2491 195 2525 rare
219 2470 313 2534 voles,
349 2467 439 2520 multo
464 2478 557 2520 tamen
580 2473 729 2538 pauciores
757 2481 885 2536 oratores
910 2488 994 2542 quam
1017 2480 1121 2539 poetae
1175 2514 1183 2523 .

136 2544 203 2610 boni
219 2558 397 2625 reperientur.
422 2553 493 2622 quud
513 2554 583 2605 idem
606 2565 646 2605 est
673 2572 704 2605 ee
728 2555 750 2604 si
770 2556 895 2606 dixisset:
924 2548 1001 2623 atque
1019 2553 1049 2607 in
1068 2556 1121 2608 hoo

137 2660 245 2694 numero
264 2659 372 2710 perraro
389 2640 507 2693 exoritur
524 2640 670 2693 excellens:
694 2649 782 2692 tamen
798 2641 880 2692 multo
898 2641 1121 2710 pauciores'ora-

137 2741 211 2782 tores
231 2740 308 2797 qnam
324 2735 427 2796 poetae.
468 2783 470 2787 v
742 2713 744 2719 ¹
1115 2717 1118 2735 ¹

167 2825 284 2884 additur
304 2831 415 2905 quidem
433 2829 461 2881 in
482 2828 536 2880 cie.
553 2827 586 2882 de
602 2830 665 2902 Nat.
684 2830 717 2881 D.
740 2825 774 2894 1,
790 2826 833 2895 40,
853 2827 912 2882 112.
931 2846 1011 2903 quem
1031 2825 1123 2887 cibum

138 2919 241 2990 igitur,
260 2929 311 2970 aut
329 2934 397 2987 quas
410 2919 547 2992 potiones
564 2943 598 2956 -
617 2912 763 2969 adhibebis
783 2913 822 2966 aci
841 2913 927 2981 deos,
944 2926 976 2967 ut
993 2934 1040 2969 eos
1060 2937 1123 2989 per·

131 3000 246 3076 fundas
260 3000 477 3073 uoluptatibus?
502 3001 544 3054 Ae
561 3011 664 3071 poetae
682 2999 795 3073 quidem
813 3012 924 3064 nectar,
942 3000 1121 3077 ambrosiam,

139 3089 240 3160 epulas
257 3096 439 3156 comparant,
465 3098 493 3139 et
512 3098 561 3139 aut
590 3090 765 3141 Iuventatem
781 3096 832 3139 aut
855 3084 1052 3160 Ganymedem
1070 3105 1122 3158 po·

140 3175 201 3228 cula
222 3178 442 3229 ministrantem:
460 3182 492 3225 tu
509 3183 620 3239 autam,
640 3173 781 3247 Epicure,
801 3172 870 3246 quid
883 3169 1004 3243 facies?
1046 3193 1048 3200 ’

154 3284 207 3344 21.
240 3279 328 3342 Haeo
343 3275 383 3339 ab
400 3274 470 3338 aliis
487 3273 554 3341 iam
574 3286 724 3425 exrpnrte
750 3275 922 3342 observata
948 3285 979 3339 et
1002 3274 1123 3340 distin-

69 3374 123 3429 eta
139 3373 243 3428 erant.
287 3361 426 3446 Reliqua
444 3370 553 3424 antem
575 3384 612 3426 re
630 3384 701 3427 erre
726 3362 876 3428 solebant
900 3363 940 3426 ad
963 3362 1121 3426 orationis
1136 3360 1157 3433 ’,

71 3460 248 3529 ornatum,
280 3449 421 3533 ideoque
454 3445 649 3528 docebant„
668 3466 828 3528 ATQVEa
856 3448 900 3514 ud
925 3446 1123 3513 Ciceronem

70 3535 261 3621 saepissime
291 3534 324 3597 in
352 3531 577 3597 continuanda
611 3471 1130 3621 orilibrffi‘ssdffi‘r‘eiffig‘i'nfe'f

70 3622 156 3708 poni
177 3622 216 3684 ab
232 3620 325 3684 initio
350 3617 580 3707 periodorum.
622 3620 730 3706 Atque
747 3618 796 3686 illi
813 3620 948 3707 quidem
965 3619 1136 3706 scriptori¹

18 3719 21 3724 ’
71 3709 133 3772 iste
153 3726 229 3770 usus
246 3717 420 3793 tantopere
436 3703 577 3790 placuit,
599 3714 638 3768 ut
651 3706 687 3769 in
706 3707 772 3771 eius
789 3705 881 3771 libris
906 3703 1037 3791 quaevis
1060 3729 1124 3793 pa·
1180 3745 1183 3748 -

72 3792 149 3880 gina
174 3793 326 3878 exempla
345 3787 534 3879 suppeditet
558 3792 802 3878 quaerentibus:
827 3801 860 3855 at
876 3813 913 3855 ea
930 3812 1001 3854 non
1024 3791 1123 3855 unius
1194 3807 1199 3813 ’

72 3888 151 3942 sunt
167 3879 313 3964 generis,
342 3872 552 3966 κοὰξ-11111011
576 3878 820 3957 demonstrare,
845 3876 914 3942 vim
935 3871 1006 3940 fere
1031 3899 1124 3941 earn-

73 3964 150 4028 dem
174 3986 242 4028 esse
269 3973 366 4048 atque
389 3957 424 4024 in
448 3954 554 4028 viriis
574 3975 783 4050 praeterea,
819 3962 869 4027 ad
892 3964 996 4045 leaeo,
1028 3963 1122 4048 item.
1170 4041 1172 4049 Ι

71 4049 144 4115 Nos
160 4048 260 4136 igitur
275 4049 608 4139 tliPli⁰9¹lL¹PAElllllll
626 4049 874 4129 discernamus,
906 4046 963 4138 qui
982 4043 1125 4116 ‘id'iini-

71 4157 205 4202 versum
224 4157 320 4201 usum
335 4131 473 4198 latinum
491 4134 644 4222 pertinet.
1108 4144 1110 4147 ’
