2618 4770
161 336 178 409 3
223 311 286 374 ers
332 313 377 355 v
443 376 447 387 ,
608 303 773 386 nuova.
815 301 884 368 sc.

158 416 173 447 a
270 460 344 513 'dits
373 460 460 526 „mele
477 479 511 515 ne
529 459 674 530 explicares
695 461 735 513 ita
758 468 790 512 ut
813 461 876 512 ne.“
894 463 945 526 'At
959 457 1057 530 pendet
1074 453 1264 511 construction

288 547 369 600 verbo
389 545 530 618 angebant
549 558 609 598 ante
629 543 726 615 posito.
760 547 828 596 Nam
847 544 912 597 dicit
931 555 1038 596 auctor:
1058 545 1190 610 angebat,
1207 561 1263 612 quos

285 633 440 698 anteferret,
455 644 482 685 et
498 635 561 685 item
577 633 615 699 (id
629 633 700 701 qnod
710 648 793 700 aequo
808 631 887 682 modo
896 629 1127 696 considerandum)
1143 647 1179 680 ne
1194 639 1263 696 post-

278 717 368 786 ·positi
386 719 543 770 contumelia
565 718 777 769 incenderentur.
811 716 887 768 Nihil
905 717 995 783 ntique
1016 715 1113 765 clarius
1131 733 1190 766 esse
1208 724 1263 782 pot-

289 813 339 853 est.
374 804 427 854 Cic.
446 805 479 854 de
498 804 556 857 Fin.
575 799 608 866 5,
629 802 677 866 11,
695 801 738 855 88.
758 813 850 854 tamen
869 799 1000 861 concedo,
1023 802 1071 870 qui
1091 799 1125 852 de
1144 799 1198 851 hoc
1217 799 1262 852 dis·

287 893 427 952 sentiant,
447 890 607 943 existiment
626 886 702 958 quod
717 884 827 950 uelint,
854 905 888 938 ae
909 884 957 937 uel
974 883 1027 936 lroe
1045 883 1228 955 intelligant,
1244 887 1264 937 si

232 994 236 999 ·
289 973 400 1043 quando
420 986 548 1025 naturam
568 973 689 1026 hominis
708 971 815 1032 dicam,
837 968 977 1023 hominem
997 969 1088 1022 dicere
1106 987 1160 1021 me.
1198 970 1263 1019 Goe-

287 1059 389 1109 renains
415 1058 556 1127 explicuitz
582 1059 629 1109 sed
649 1058 721 1109 certe
740 1059 792 1109 hoc
810 1066 933 1108 teneant:
955 1055 1027 1123 quod
1044 1064 1072 1106 et
1091 1073 1106 1105 a
1125 1055 1264 1123 particulae

231 1172 234 1177 ·
285 1153 379 1192 natura
404 1155 432 1194 et
456 1162 471 1195 a
496 1144 627 1196 sententia
654 1143 792 1219 scriptoris
808 1142 921 1219 alienum
943 1150 991 1192 est.
1023 1140 1148 1206 intelligo
1168 1139 1264 1207 potius:

289 1227 455 1291 existiment,
472 1229 543 1296 qnod
559 1229 704 1292 velint‚;et
719 1230 757 1278 ita
773 1229 815 1279 vel
833 1227 885 1278 hoc
906 1226 1066 1292 intelligant.
1100 1226 1198 1276 Melius
1216 1244 1264 1275 rem

284 1315 421 1381 perspexit
440 1315 599 1366 Goerenzius
616 1314 644 1365 in
665 1313 827 1381 explicandis
849 1313 916 1364 locis
933 1314 966 1364 de
979 1311 1043 1385 liin.
1063 1310 1096 1375 1,
1115 1309 1168 1376 18,
1185 1309 1225 1360 58.
1243 1311 1263 1371 1,

286 1396 336 1461 10,
354 1397 396 1451 30.
416 1395 441 1464 4,
458 1398 484 1465 4,
504 1399 528 1451 9.
547 1418 701 1468 quamquam
721 1401 849 1451 Graecum
867 1394 912 1463 sl,
930 1414 983 1448 non
1001 1395 1049 1448 καί
1062 1396 1179 1447 debebat
1196 1392 1263 1446 com-

285 1480 384 1551 parari.
420 1485 491 1536 Lael.
509 1484 536 1549 9,
553 1484 596 1537 30.
617 1481 771 1554 Africanus
785 1483 914 1555 indigens
932 1484 986 1534 mei
992 1482 1007 1533 i
1025 1483 1155 1535 Minime
1173 1480 1264 1532 hercle.

286 1569 330 1622 Aa
347 1566 382 1622 ite
398 1588 449 1640 ego
469 1569 578 1641 quidem
603 1569 691 1623 illins.
727 1570 896 1620 Gernhurdue
922 1568 1065 1636 explicuit,
1088 1576 1116 1619 et
1137 1583 1222 1617 sane.-
1241 1575 1264 1613 at

287 1664 343 1706 est:
362 1666 389 1707 et
408 1659 475 1709 item
495 1673 566 1725 egos
594 1655 651 1707 und
665 1673 696 1707 so
713 1652 783 1706 aucit
800 1652 844 1706 tet
862 1650 938 1706 nicht
958 1657 1054 1705 seiner.
1084 1652 1223 1702 ‘Goerena
1240 1651 1261 1699 in

285 1739 374 1790 Iahnii
391 1741 484 1791 Annal.
503 1741 528 1806 1,
547 1740 571 1792 2
589 1760 615 1808 p.
635 1739 694 1792 803.
714 1756 768 1790 non
785 1750 859 1791 recte
876 1738 1031 1806 explicuisse
1046 1737 1154 1787 videtur
1172 1756 1204 1786 ac
1221 1754 1262 1803 per

283 1822 319 1890 ia
338 1822 440 1888 setin,
456 1843 508 1893 quo
527 1825 685 1877 adiiceretur
704 1825 820 1877 orationi
836 1825 957 1875 acerbum
974 1823 1045 1891 quid.
1081 1823 1140 1872 Nec
1160 1821 1261 1870 dubita-

229 1943 242 1967 -,
287 1927 344 1960 rem
368 1911 524 1971 restituere,
549 1911 621 1980 quod
644 1911 776 1962 Bentleius
793 1909 922 1971 removit,
947 1908 976 1958 in
997 1910 1091 1958 Horat.
1109 1909 1166 1956 Sat.
1185 1909 1209 1972 1,
1226 1907 1262 1968 10,

235 1978 240 2001 ¹
286 1992 330 2047 31.
359 2006 444 2066 utque
459 2014 511 2068 ego
530 2015 591 2048 crem
613 2013 728 2066 graecos
742 1990 871 2064 facerem
893 2004 977 2046 natus
996 2012 1070 2044 mare
1088 1995 1163 2044 citra
1184 1995 1262 2044 versi

288 2079 374 2133 salos.
408 2082 489 2133 Addit
506 2081 576 2134 enim
592 2092 672 2150 poeta
690 2100 761 2138 suum
780 2081 925 2150 exemplum
939 2079 1048 2148 reliquis
1068 2077 1165 2128 simile.

325 2182 450 2246 Quinctil.
468 2187 502 2249 3,
520 2185 553 2250 6,
571 2185 613 2236 77.
638 2205 671 2237 ac
688 2183 818 2238 similiter
834 2187 864 2238 in
883 2181 1069 2235 translatione
1087 2193 1140 2232 etc.
1159 2180 1207 2246 12,
1225 2181 1262 2244 10,

286 2266 330 2323 67.
349 2269 391 2323 Ac
406 2272 447 2322 sie
464 2287 553 2340 prope
568 2266 781 2323 inaspectabiles
803 2271 908 2339 species
929 2269 1111 2337 reperiuntur.

321 2375 361 2422 lta
389 2372 564 2424 emendandus
578 2374 801 2426 videbiturlooue
817 2371 951 2424 Ciceronis
971 2372 1004 2422 de
1020 2371 1081 2426 niv.
1101 2370 1133 2436 1,
1152 2369 1201 2436 86,
1222 2369 1261 2422 78.

271 2455 361 2527 ‚fiunt
386 2469 456 2511 certe
482 2457 688 2513 divinationum
715 2459 887 2511 coniecturas
904 2478 923 2509 a
940 2457 1048 2528 peritis.
1086 2457 1196 2512 Midae
1220 2455 1260 2509 illi

289 2542 426 2614 Phrygio,
444 2561 525 2614 quum
534 2563 602 2611 puer
609 2556 688 2610 esset,
704 2544 855 2597 dormienti
855 2537 998 2612 formicae
1008 2543 1037 2594 in
1045 2561 1077 2596 os
1084 2545 1173 2597 tritici
1179 2561 1259 2614 grana

287 2639 490 2700 congesserunt.
527 2629 734 2684 Divitissimum
745 2624 817 2698 fore
838 2627 1011 2698 praedictum
1029 2640 1096 2695 est:x
1108 2628 1187 2699 qseod
1207 2647 1257 2682 cue

286 2719 338 2769 nit.
373 2714 415 2768 Aa
437 2712 569 2776 Platoni,
588 2734 671 2787 quum
689 2719 718 2768 in
737 2715 813 2766 cunis
830 2713 952 2784 paruulo
978 2712 1128 2766 dormienti
1151 2730 1219 2783 apes
1234 2714 1258 2763 in

286 2796 400 2853 labellis
418 2799 614 2863 consedissent,
631 2817 793 2869 responsum
810 2813 853 2853 est
869 2798 1008 2870 singulari
1024 2797 1106 2851 illum
1123 2802 1259 2851 suavitate

286 2889 424 2940 orationis
434 2881 512 2955 fore.
546 2886 631 2953 Vulgo
657 2888 698 2939 At
722 2884 845 2939 Platoni.
881 2888 1025 2952 Vtrumque
1039 2885 1107 2936 bene
1125 2903 1156 2937 se
1172 2884 1255 2936 habet:

285 2990 319 3023 aa
344 2983 384 3022 est
402 2982 429 3024 et
449 2971 533 3024 item:
553 2970 586 3022 de
604 2982 637 3023 at
655 2973 709 3025 vid.
726 2991 753 3040 p.
771 2970 833 3023 422

300 3094 332 3153 2.
360 3089 474 3172 Neque
499 3090 593 3154 aliter
610 3110 732 3169 ATQVE
752 3092 891 3178 ponitur
908 3089 1161 3154 incantamentis
1185 3088 1256 3151 affe-

216 3173 327 3267 rendis
345 3175 503 3256 similibus
521 3187 552 3241 et
572 3178 607 3240 in
631 3179 728 3241 rebus
753 3177 939 3242 universam
964 3186 1163 3240 sententram
1187 3168 1258 3237 illu·

215 3256 410 3325 strantibus:
436 3283 502 3346 quo
525 3261 718 3348 perducitur
741 3263 981 3347 argumentatio
1005 3261 1047 3325 ud
1070 3260 1169 3324 aliam
1193 3281 1258 3323 rem

216 3369 317 3433 aequa
327 3347 739 3437 ratione-conspiciendam.
760 3337 1260 3437 Vid.egregiamex“pos‘1ffdn‘effi

214 3432 295 3582 iffi
297 3430 411 3582 Cicer.8
416 3428 457 3495 de
483 3432 581 3498 Offic.
607 3422 724 3517 3,1‘5,
749 3441 803 3501 61.
832 3435 867 3499 in
890 3436 968 3502 Bav.
995 3432 1151 3499 Voordae
1173 3434 1257 3496 Lect.

297 3524 386 3582 .c.1
414 3564 422 3581 .
507 3576 509 3580 .

330 3639 384 3690 Cic.
405 3642 477 3690 Orat.
493 3636 544 3703 55,
562 3640 621 3692 184.
637 3642 682 3693 ubi
703 3661 781 3712 quum
799 3642 898 3695 dictum
922 3651 1007 3703 esset,
1025 3657 1104 3706 saepe
1122 3649 1258 3707 poetarum

284 3724 430 3776 orationem
451 3724 552 3776 solutae
573 3726 731 3778 simillimam
760 3747 832 3793 esse,
862 3727 949 3796 pergit
979 3725 1190 3777 demonstratio:
1222 3725 1259 3776 Ae

282 3810 448 3862 comicorum
465 3814 567 3866 senarii
583 3823 700 3883 propter
719 3810 931 3868 similitudinem
949 3813 990 3865 sic
1018 3828 1103 3879 saepe
1128 3806 1256 3862 suntad·

282 3895 357 3953 iacti.
376 3905 408 3945 ut
426 3911 632 3965 nonnumquam
650 3900 700 3950 vix
720 3901 749 3951 in
769 3897 813 3950 his
830 3912 958 3949 numerus
976 3906 1003 3947 et
1020 3911 1117 3946 uersus
1136 3891 1259 3961 intelligi

281 3980 384 4050 possit.
420 3978 513 4039 Critici
529 3993 694 4035 mutaverunt
716 3983 771 4044 At,
790 3981 836 4034 sed
856 3982 884 4031 in
902 3980 961 4032 cod
983 3981 1051 4032 Gud.
1069 3990 1143 4031 recte
1165 3980 1260 4046 legitur

278 4065 330 4118 Ae.
365 4065 395 4113 ln
416 4064 500 4117 Laelii
520 4066 570 4135 19,
588 4067 632 4120 68.
660 4071 716 4120 sine
739 4067 817 4118 dubio
836 4065 975 4132 legendum
995 4077 1050 4116 est:
1077 4068 1204 4118 maxima
1221 4073 1263 4117 est

279 4153 354 4206 enim
378 4151 423 4204 uis
449 4155 598 4210 uetustatis
623 4165 651 4210 et
668 4146 897 4211 'consuetudinis
930 4152 1023 4224 Atque
1045 4152 1155 4222 inipso
1182 4164 1261 4221 equo,
