2618 4770
256 379 259 383 ,
336 315 579 420 'amoena
617 285 862 402 mionm
1003 352 1011 361 ,
1064 332 1135 401 sec

134 473 279 547 procedit
297 478 390 546 ipsum
408 491 498 544 opus,
525 477 557 527 ist
580 477 689 530 maiora
705 473 866 544 praeteritis
883 494 919 529 ac
937 478 1028 550 magis
1043 480 1134 537 ardua

142 567 226 627 sint,
243 580 318 636 quae
336 559 487 632 ingredior.
508 557 542 623 5,
560 558 593 623 6,
611 558 639 613 4.
670 560 759 613 Tacit.
775 562 843 613 Anu.
861 559 880 612 4
887 599 895 626 ,
914 562 955 614 11.
973 563 1043 618 ordo
1060 566 1134 622 alio·
1241 592 1244 607 ·

142 647 199 721 qui
216 647 342 714 sceleris,
359 665 411 717 per
425 648 581 716 «Apicatam
607 645 703 700 Seiani
721 642 857 716 proditus.
870 651 1017 715 tomaentis
1035 649 1133 706 Eucle-

143 733 242 795 miac
262 731 367 804 Lygdi
393 725 558 802 patefactus
575 742 632 800 ¹est.
668 728 719 794 11,
735 727 761 795 6,
794 727 922 801 alioquin
945 743 975 784 et
999 729 1134 792 bonarum

132 814 253 879 ,arsiam
269 819 425 889 principem
441 813 564 888 sordidis
581 806 744 870 ministeriis
754 804 887 882 foedari.
908 815 977 875 Hist.
993 819 1021 884 2,
1038 820 1083 877 27.

182 921 277 973 Arrius
295 919 441 974 Menander
458 919 486 971 iu
504 917 567 986 nig.
582 916 634 983 49,
654 914 697 980 16,
710 911 752 980 ,4,
769 914 795 968 8.
813 915 943 990 alioquin
962 922 1035 974 etsi
1050 922 1134 985 relin-

150 1016 221 1077 quat
244 1004 325 1060 litem
353 1005 400 1060 uel
424 1003 579 1074 transigat,
606 999 770 1055 retinendus
791 1010 840 1054 est.
874 1000 920 1055 ubi
937 1005 1026 1057 Tuber
1049 1019 1133 1076 'errat,

147 1108 228 1159 quum
249 1088 384 1163 alioquin
403 1109 452 1160 pro
478 1087 675 1161 ‹suirslpositum
692 1097 865 1141 esse-censet.
888 1074 939 1140 vd.
957 1090 1081 1148 Heiaecc.
1097 1096 1133 1149 ud

132 1174 266 1231 ,Brissom
292 1175 325 1228 de
340 1177 432 1237 ¹Verb.
458 1174 548 1242 signif.
574 1189 601 1241 p·
619 1165 661 1220 66.
684 1170 750 1221 Plio.
775 1170 844 1245 Hist.
868 1189 895 1224 n.
922 1171 1081 1250 9,16,25.
1105 1191 1133 1234 et

150 1259 260 1333 alioqui
278 1251 370 1314 iotam
386 1281 463 1329 ¹mare
476 1260 561 1314 sentit
578 1264 705 1311 exortum
723 1256 914 1337 eiuslsisieris·
942 1260 1010 1312 Plin.
1032 1258 1082 1332 Ep.
1106 1264 1133 1332 2,

148 1342 222 1410 9,,1.
247 1339 364 1417 afficior
385 1350 448 1399 cura
470 1355 498 1398 et
526 1361 610 1414 quarn
629 1358 682 1412 pro
702 1359 744 1394 me
763 1341 970 1408 solicitudinem
986 1364 1044 1400 non
1063 1348 1134 1415 adii,

149 1431 299 1507 quasilpro
319 1449 361 1484 mc
381 1428 471 1483 altero
489 1416 604 1499 patiore
631 1435 659 1480 et
681 1424 809 1498 alioquin
827 1446 911 1498 Roseus
934 1431 1043 1502 pudor,
1071 1454 1133 1488 mea

150 1516 333 1578 existimatio,
351 1533 413 1568 mea
430 1513 556 1582 dignitas
574 1515 604 1566 in
622 1504 768 1571 discrimen
786 1508 944 1570 adducitur.
967 1517 1016 1582 10,
1034 1518 1089 1584 42,
1107 1521 1135 1574 2.

98 1584 105 1593 ”
148 1596 313 1666 Puueg.'45‚
333 1597 359 1651 4.
376 1610 406 1653 et
424 1597 488 1652 ideo
508 1610 732 1656 non'censuram
756 1593 864 1659 adicus,
889 1617 946 1668 non
971 1599 1131 1674 praefecta.

149 1703 208 1737 ram
226 1703 333 1738 morum
353 1686 498 1754 recepisti,
515 1685 581 1754 quia
600 1677 652 1735 sibi
672 1677 816 1753 beneficiis
830 1686 928 1753 potius
945 1704 1028 1758 quam
1046 1708 1132 1742 reme.

151 1767 203 1823 «iiis
228 1760 342 1842 ingenia
366 1778 464 1821 nostra
484 1760 605 1837 experiri
629 1764 733 1838 placet.
769 1764 812 1820 Et
830 1766 961 1840 alioquin
982 1774 1074 1831 nescio
1093 1792 1131 1825 an

148 1842 354 1924 plus'morilrus
373 1842 660 1923 conferat'princeps,
673 1853 721 1921 qui
736 1849 826 1905 bonos
845 1871 904 1908 csse
919 1859 1030 1926 patitur
1047 1856 1131 1926 quain

149 1940 195 2009 qui
215 1942 302 2012 cogit.
335 1937 385 2002 68,
402 1937 427 1989 7.
444 1935 494 2004 70,
515 1932 551 1990 9.
566 1932 633 1988 11ἀῖ
649 1935 776 2001 Schweru.
801 1956 828 2006 p.
854 1935 916 1990 654.
939 1941 984 2010 qui
1008 1941 1076 1994 vidit
1100 1942 1130 1994 in

149 2025 208 2076 Pan.
225 2022 277 2087 53,
294 2023 319 2075 1.
342 2022 535 2074 restituendum
561 2038 633 2074 esse:
657 2018 708 2072 nisi
735 2021 779 2072 hic
805 2023 880 2074 locus
902 2025 937 2077 u'd
963 2041 1020 2078 eum
1047 2045 1130 2094 usum,

149 2127 225 2179 quem
244 2110 272 2160 io
292 2109 392 2160 Curtio.
406 2107 616 2173 observavimus,
633 2106 730 2159 referri
749 2103 870 2159 debebat.

179 2214 268 2264 Locus
283 2211 378 2263 dubius
399 2220 439 2262 est
464 2214 572 2262 Sueten.
590 2208 681 2264 viteli.
700 2210 734 2262 2.·
750 2196 876 2265 Ceteram
893 2211 924 2265 P.
943 2209 1079 2267 Vitellius
1093 2236 1130 2254 ···
1174 2198 1176 2203 ’

129 2357 131 2364 s
148 2294 266 2371 quatmr
279 2296 365 2367 filios
388 2294 580 2366 amplissimae
607 2295 758 2366 dignitatis
775 2299 952 2368 cognomines
969 2317 1003 2351 ac
1020 2308 1130 2352 tuntum

145 2378 374 2456 praenominibus
398 2381 546 2435 distinctos
571 2379 705 2451 reliquit,
733 2381 855 2447 Aulum,
893 2383 1049 2460 Quintum,
1074 2385 1130 2438 Pu·

146 2467 243 2533 ilium,
263 2467 395 2523 Lucium.
431 2465 523 2520 Aulus
542 2467 571 2519 in
584 2465 737 2523 consulatu
755 2465 835 2528 obiit,
852 2483 932 2538 quem
947 2485 1009 2521 cum
1028 2468 1130 2524 Domi·

128 2554 185 2616 ,tio
197 2572 240 2594 ·-
261 2544 379 2617 inierat,
397 2548 562 2623 praelautus
578 2549 688 2622 alioqui
698 2546 888 2622 famosusque
905 2560 1055 2606 coenarum
1069 2571 1129 2612 ma·

143 2637 319 2712 gnificentia.
353 2637 524 2706 Oudendorp.
543 2637 673 2705 explicat:
699 2645 789 2688 cetera
807 2643 837 2689 et
851 2637 922 2705 quod
938 2637 973 2690 ud
988 2639 1127 2707 quotidie·-

130 2743 204 2779 <uem
223 2723 293 2787 vitae
308 2723 493 2775 reticuerunt:
514 2722 730 2784 consuetudinem
750 2737 889 2790 moresque
908 2723 1034 2791 pertinet.
1070 2727 1130 2787 Qun

99 2844 104 2851 ·
142 2831 176 2865 ex
193 2808 327 2862 sententie
343 2818 473 2864 vertemus
489 2810 527 2861 im
540 2805 696 2881 Uebrigens
712 2815 740 2856 ut
761 2805 832 2875 quod
849 2806 945 2857 dicitur
952 2807 1035 2859 Aulus
1053 2817 1081 2860 et
1099 2808 1129 2861 iu

142 2895 280 2950 consulatu
307 2904 420 2949 mortem
449 2894 547 2945 obiisse
570 2903 597 2945 et
622 2900 761 2962 praeterea
784 2893 949 2961 praelautum
973 2893 1073 2959 fuisse,
1098 2894 1128 2945 id

140 3000 196 3036 non
213 2981 282 3033 bene
301 2979 433 3044 convenit,
442 2997 527 3048 neque
545 2978 662 3032 excusari
671 2988 769 3047 potest,
778 2976 830 3049 uisi
845 2995 875 3029 ea
895 2977 1067 3046 negligentia,
1075 2997 1127 3049 qua

141 3067 214 3139 apud
231 3083 280 3117 nos
304 3080 408 3133 quoque
427 3064 569 3133 scriptores
590 3080 645 3114 non
663 3062 756 3132 optimi
771 3062 879 3125 verbam
897 3060 1027 3134 subrigens
1046 3080 1125 3117 usur·

138 3162 205 3224 punt
223 3136 282 3202 cum
296 3150 323 3202 vi
340 3149 517 3200 adversativa:
543 3159 622 3216 atque
648 3147 919 3230 consulatus-nomeu
943 3147 973 3199 iu
996 3148 1126 3204 honorem

141 3240 316 3301 dictumest,
337 3234 380 3301 eui
399 3234 502 3303 reliqua
519 3243 725 3304 opponerentur.
757 3262 759 3268 ·

156 3347 187 3407 6.
212 3339 286 3404 Hoc
303 3335 406 3401 modo
422 3334 479 3418 fit,
500 3344 539 3398 ut
557 3334 688 3422 alioqui
701 3333 815 3398 locum
829 3332 951 3399 habeut
965 3335 1000 3399 in
1017 3353 1123 3401 enun-

93 3426 264 3498 atiouibus
281 3422 493 3509 copulatius,
515 3420 631 3506 quibus
650 3419 751 3483 simul
765 3418 909 3505 aliquam
930 3443 1004 3485 rem
1023 3442 1123 3518 prae-

93 3541 122 3584 er
141 3514 218 3592 alius
236 3508 449 3596 spectandam
466 3528 536 3570 esse
550 3505 744 3570 indicamus.
787 3504 1009 3593 Coniungitur
1022 3506 1123 3592 igitur
1198 3522 1205 3538 ·

93 3625 148 3670 nm
159 3594 332 3666 vocubulis
346 3605 379 3658 et
395 3627 437 3643 -
452 3603 504 3667 et,
529 3613 631 3679 quum
645 3624 688 3640 -
703 3601 786 3655 tum.

170 3711 296 3778 Lines,
316 3713 364 3779 19,
381 3711 407 3765 3.
426 3722 455 3767 et
473 3709 584 3782 alioqui
598 3720 757 3783 opportune
771 3713 871 3772 situm,
891 3721 920 3765 et
936 3711 1073 3764 transitus
1087 3729 1122 3765 ea
1180 3761 1184 3769 ,

139 3814 182 3861 cst
204 3803 234 3855 in
253 3797 406 3856 Labeates.
437 3796 489 3863 27,
506 3795 556 3865 27,
575 3796 617 3850 11.
651 3812 726 3849 mors
742 3793 883 3851 Marcelli
906 3812 989 3866 quum
1011 3794 1121 3867 alioqui

137 3884 307 3944 miserabilis
319 3880 399 3954 fuit,
418 3892 477 3936 tum
494 3880 570 3953 quod
584 3900 632 3934 nec
644 3896 698 3951 pro
715 3890 824 3944 aetate,
843 3905 878 3920 ·-
894 3895 981 3948 neque
997 3896 1050 3951 pro
1072 3899 1120 3935 ue·

137 3978 204 4030 teris
220 3969 373 4044 prudentia
389 3967 468 4031 clusis
482 3977 547 4039 tam!
560 3964 718 4038 improuide
734 3982 764 4018 se
779 3963 970 4036 collegamque
985 3976 1015 4020 et
1028 3983 1119 4038 prope

138 4069 230 4115 totam
245 4051 444 4126 rempublicam
462 4056 491 4109 in
506 4069 639 4124 praeceps
654 4049 779 4104 dederas
795 4125 803 4128 .‚

118 4170 138 4222 '.
173 4141 301 4209 Quinctil.
323 4137 359 4206 6,
384 4137 419 4203 6,
438 4134 465 4191 4.
488 4149 520 4193 at
543 4141 568 4192 is
590 4138 639 4208 qui
656 4130 752 4205 defert
774 4129 991 4202 (iusiurandum),
1007 4126 1119 4208 alioqui
