2618 4770
626 309 697 376 AN.

122 506 126 511 .
194 463 287 534 m,
306 465 331 516 1.
362 461 397 527 9,
423 460 457 526 2,
480 459 505 511 5.
531 455 636 526 babes,
662 473 694 517 ut
717 474 805 534 puto.
833 467 936 520 iustam
960 466 1185 520 cremationem.-

196 566 284 623 quam
303 558 396 601 tannen
421 545 538 605 dubito,
566 558 604 597 atr
630 544 682 601 tibi
705 546 821 620 probari
843 548 936 614 velim.
971 552 1023 604 Sed
1040 551 1073 617 6,
1091 552 1185 618 nm.

201 631 317 696 dubim,
337 652 404 685 aum
425 631 499 688 idem
515 629 567 684 tibi
584 633 719 699 suadere,
740 634 818 707 quod
834 633 909 698 mibi,
926 624 1048 687 debeam.

110 740 129 777 ·.
212 716 258 783 ll.
302 716 454 783 Medium
483 716 594 779 locum
625 717 712 787 inter
735 719 910 793 sententias
934 717 1128 783 dubitativae
1152 727 1207 782 et·
1284 708 1286 729 ³

123 802 410 890 interrogationes
447 812 611 892 occupant
655 826 711 870 eae
751 803 1010 885 enuntiationes,
1065 803 1184 891 quibus

124 888 358 977 praesumitur
384 887 528 975 aliquem
561 887 722 955 dubitare.
774 891 842 955 Cic.
876 912 911 975 p.
942 889 1034 955 Balb.
1066 891 1204 964 6,.1t.·

126 974 232 1062 qttaci
248 996 326 1040 vero
356 973 447 1044 euius
461 973 527 1048 sit,
559 995 661 1061 quum
679 975 717 1039 in
735 985 837 1042 tanta
860 972 1037 1060 republica
1057 997 1186 1040 versere

129 1070 163 1125 et
180 1058 351 1123 maximia
363 1057 673 1161 negotiisprnesis,⁴
682 1056 807 1146 facere
822 1059 966 1148 aliquid,
984 1058 1079 1146 ¹qnod
1093 1060 1185 1123 scius

128 1144 406 1220 nundinantem
424 1166 563 1210 omnino
580 1167 739 1220 nescire,⁸
751 1145 834 1231 quid
847 1146 963 1212 liceat.
1006 1145 1184 1211 Lambinus
1281 1169 1285 1177 ·
1300 1199 1301 1204 ,

130 1240 164 1301 ,et
183 1229 360 1297 Schtniaa
376 1228 578 1316 scripserunt
596 1253 699 1316 qnam
721 1232 859 1297 omnino
881 1231 1023 1296 nescire.
1065 1234 1108 1296 At
1123 1231 1185 1293 di·
1277 1287 1278 1290 ,
1303 1253 1305 1259 ’

131 1314 176 1381 eit
195 1324 331 1380 orator:
362 1317 454 1401 quasi
476 1313 549 1400 quis
572 1325 724 1401 quaerat,
745 1316 899 1382 deviusne
922 1317 966 1380 sit
986 1315 1096 1382 facere
1123 1315 1186 1380 ali·
1240 1379 1241 1382 ,
1279 1348 1281 1352 ⁴

131 1401 234 1501 qaid,
258 1400 352 1491 quod
366 1401 448 1464 scias
461 1421 530 1464 non
548 1399 666 1482 licere,
704 1423 746 1465 au
769 1403 908 1468 omnino
932 1404 1076 1481 nescire,
1106 1399 1186 1488 quid

131 1484 246 1553 lineata
274 1485 450 1574 quodest,
483 1508 585 1550 nemo
609 1487 788 1567 dubitabit,
822 1489 904 1574 quin
932 1488 1061 1572 gravius
1086 1487 1128 1550 sit
1150 1484 1195 1551 in'
1276 1536 1279 1542 .

132 1570 189 1645 tali
204 1572 362 1650 homine,
383 1570 490 1636 iacere
508 1573 597 1657 quod
616 1575 695 1638 sciat
710 1595 782 1636 non
794 1573 904 1654 licere,
926 1594 1027 1659 quam
1045 1572 1186 1636 omnino

132 1658 279 1738 nescire,
302 1655 382 1743 quid
402 1657 507 1724 liceat.
549 1656 588 1722 In
610 1657 699 1722 hunc
722 1659 861 1724 modum
887 1657 1188 1725 emendandusest

107 1764 110 1769 ·
132 1742 231 1809 Plinii
245 1745 366 1829 Pancg.
382 1745 442 1822 89,
464 1749 495 1810 2.
519 1765 657 1830 cumque
681 1768 739 1820 eo,
776 1744 835 1833 qui
858 1743 1059 1829 adoptavit,
1094 1742 1188 1806 ami-

132 1829 270 1895 cissime
284 1826 481 1911 contendis,
497 1828 824 1983 pnlelerincjuisset
839 1829 1001 1928 genuisse
1018 1828 1125 1892 talem
1140 1849 1188 1890 un

129 1914 307 2003 genuisse.
349 1899 459 2000 Vulgo
474 1915 594 2013 legitur
605 1914 673 2002 pul
701 1916 785 1983 critis
792 1911 925 2002 fuisse.-
948 1916 1113 1982 Gesnerus
1131 1935 1189 1977 ve·

130 2021 210 2067 tum
231 1998 420 2087 expendens
444 2002 586 2065 coniecit
607 2000 830 2086 puieliriuane
842 1995 976 2088 fuerit.-
1007 1998 1188 2064 sedetiam
1221 2066 1223 2073 ,

129 2082 502 2174 plusquamperfectum
514 2082 632 2174 'aptum
649 2097 717 2169 est,
748 2095 782 2150 et
798 2083 927 2158 facilior
942 2085 1004 2149 ista
1029 2083 1188 2151 emenda-

130 2172 194 2237 tio.
247 2169 558 2253 Namlcontendere
587 2172 622 2237 in
651 2195 687 2238 se
709 2172 810 2240 habet
841 2169 1047 2259 quaeritandi
1079 2171 1188 2239 ambi-

128 2257 307 2346 guitatem.
878 2333 880 2337 ι

215 2339 273 2409 ΙΠ.
309 2340 505 2406 Accedimus
520 2363 610 2406 nune
629 2341 668 2408 ad
684 2363 783 2407 usum
800 2340 952 2405 vocabuli
968 2357 1016 2405 ΑΝ
1032 2339 1066 2403 in
1083 2338 1190 2419 inter·
1270 2392 1272 2403 .

130 2427 366 2516 rogationibus
381 2427 699 2515 frequentissimum,
720 2449 820 2513 quem
837 2427 866 2490 si
884 2437 995 2491 totum
1011 2425 1190 2511 complecti

132 2523 169 2578 et
193 2514 232 2579 in
254 2514 336 2600 ipsis
359 2513 529 2600 principiis
552 2513 739 2602 perspicere
763 2510 920 2592 velimus,
951 2524 1085 2576 necesse
1116 2511 1190 2592 erit,

131 2598 323 2665 universam
339 2599 548 2681 doctrinam,
569 2620 652 2686 quae
666 2597 934 2684 interrogationis
954 2595 1081 2660 formas
1098 2596 1190 2660 Lati·
1237 2641 1240 2649 -

133 2685 188 2750 nis
204 2684 337 2749 usitatas
355 2682 523 2760 continet,
539 2683 651 2770 paucis
671 2683 775 2748 verbis
792 2696 1010 2769 exponamus.
1054 2681 1140 2747 Nam
1154 2682 1190 2747 in
1213 2703 1216 2717 ¹

134 2794 176 2837 ea
195 2770 335 2836 vertitur
348 2770 493 2834 maximo
509 2768 562 2833 illa
587 2770 755 2857 quaestio,
785 2789 892 2855 neque
914 2768 981 2831 ulla
1006 2776 1055 2830 est
1076 2786 1192 2850 gram-

134 2857 223 2921 ticae
245 2878 342 2944 pars,
370 2856 406 2921 in
430 2877 493 2941 qua
517 2855 580 2920 viri
603 2855 715 2933 docti,
755 2877 825 2917 non
849 2863 938 2916 certo
971 2849 1191 2916 fundamento

132 2942 221 3017 nisi,
247 2940 313 3005 sed‘
324 2940 537 3029 opinionibus
553 2940 618 3005 huo
637 2941 715 3005 illuc
731 2939 891 3017 traducti,
907 2961 998 3012 rem,
1024 2958 1106 3024 quae
1121 2947 1192 3002 sta·

135 3028 213 3094 bilis
229 3035 262 3089 et
276 3026 453 3116 perspicua
473 3036 558 3105 erat,
582 3025 782 3090 obscuritate
805 3023 910 3089 offusa
934 3023 1038 3110 magis
1056 3033 1192 3108 pertur-

136 3113 275 3199 barent,
305 3112 503 3200 longiusque
531 3135 549 3175 a
576 3112 718 3176 veritatis
748 3110 956 3196 simplicitate
991 3108 1190 3180 aberrarent.

137 3198 209 3263 Sed
225 3218 329 3284 quum
348 3200 423 3261 ante
439 3199 551 3261 omnia
566 3199 735 3262 universae
749 3195 916 3259 rei'cardo
936 3194 1041 3258 teneri
1061 3191 1189 3274 debeat,

139 3284 181 3350 ab
200 3285 275 3368 ipsa
291 3283 659 3368 adeo‘interrogationis
675 3292 793 3347 natura
809 3279 1033 3367 incipiendum
1050 3289 1108 3342 est.

132 3414 137 3419 ·
224 3366 444 3452 Interrogatio
469 3367 570 3452 igitur
585 3388 811 3463 quaecumque
831 3364 1084 3452 comprehendit
1098 3362 1192 3447 cogi-

138 3452 303 3518 tationem
326 3453 489 3518 incertam
513 3462 545 3516 et
568 3452 766 3516 dubitationi
791 3451 988 3525 obnoxiam,
1021 3451 1193 3534 oriturque

139 3561 184 3604 ex
212 3539 372 3602 desiderio
399 3537 620 3602 conficiendae
652 3560 688 3601 ac
712 3535 957 3601 confirmandae
982 3533 1191 3620 cognitionis.
1269 3546 1271 3551 ’

139 3623 277 3711 Duplex
295 3635 404 3688 autem
422 3625 490 3691 eius
507 3633 556 3687 est
570 3645 683 3710 genus.
726 3622 812 3686 Nam
829 3633 884 3686 aut
899 3623 1085 3709 quaerimus
1102 3619 1143 3684 de
1156 3641 1193 3684 re

139 3709 328 3796 incognita,
352 3709 493 3794 quaesit
512 3718 544 3772 et
564 3730 673 3772 curea
691 3709 750 3784 sit,
772 3730 803 3774 v.
824 3731 852 3772 c.
875 3708 948 3794 qnis
974 3705 1033 3769 itte
1055 3716 1105 3770 est
1129 3705 1193 3768 lio-

141 3792 225 3860 mo?
246 3791 454 3883 curnegas?
479 3804 535 3859 aut
550 3795 815 3881 interrogamus,
849 3795 1000 3858 sitneres
1018 3789 1068 3868 id,
1102 3789 1193 3874 quod
1283 3800 1288 3806 '

142 3880 303 3959 dicimus,
327 3903 369 3958 an
386 3902 474 3961 non,
495 3880 566 3951 siva
589 3880 687 3943 aliud.
730 3878 815 3944 tttud
841 3879 989 3964 primum
1013 3897 1115 3960 genus
1137 3875 1193 3938 in-

142 3965 245 4030 servit
261 3964 464 4051 cognitioni,
487 3987 569 4052 quae
586 3965 693 4030 adhuc
714 3964 806 4027 nulla
824 3973 893 4042 est,
916 3959 1192 4025 conformandae:

129 4051 211 4116 ¹‘hoo
231 4051 370 4117 alterum
385 4050 543 4135 exprimit
561 4051 820 4127 dubitationem,
851 4049 976 4133 inqua
998 4045 1192 4110 haesitantes

143 4160 210 4205 nos
228 4135 445 4226 pronuntiare
468 4157 538 4202 non
563 4136 737 4218 audemus,
766 4155 828 4200 nee
853 4153 1051 4220 possumus,
1079 4142 1200 4197 utrum¹
