2618 4770
134 346 200 411 ato
619 339 690 406 AN.
788 390 793 402 .

136 494 251 577 efficit,
265 491 547 563 necGembardus
562 493 677 560 mirari
695 491 835 559 debebat
844 492 929 561 Exc.
943 516 980 586 p.
994 501 1061 567 tat

133 605 195 647 nus
221 603 297 643 uam
320 579 494 666 reperisset
521 578 656 645 acceiae
682 580 735 644 vel
764 581 909 646 nesciet.
960 582 1023 649 Alii
1042 607 1080 675 qu
1133 594 1175 653 '2

134 604 356 732 coniuderunt
373 665 525 750 exempla
541 662 703 729 secundae
719 674 751 730 et
768 667 881 731 tertiae
898 686 1073 756 personae,

136 751 176 818 ad
200 752 285 816 hanc
310 749 505 812 urbanitatis
529 747 712 814 formulam
735 770 806 826 non
831 747 1031 819 attinebant:
1058 776 1093 843 qn
1169 750 1174 761 ’

158 858 234 902 uam
252 837 287 909 in
302 833 359 912 iis,
379 841 417 895 ut
432 834 748 917 demonstravimus,
769 836 930 900 sententia
947 839 1044 904 etiem
1062 842 1095 906 ed
1107 840 1141 908 al·

44 982 48 992 ,
132 862 355 988 iirmationem
378 919 535 983 inclinare
559 926 700 1006 poterat.
743 917 821 985 Non
843 921 982 988 inclinat
1004 927 1082 1012 apud
1098 927 1141 993 t'a
1176 971 1186 1007 ,

135 1008 176 1074 de
194 1009 286 1071 Orat.
303 1008 335 1078 2,
363 1008 413 1077 18,
436 1008 489 1069 56.
509 1004 562 1069 ita
573 1024 681 1090 porro
697 1003 803 1070 verbis
820 1019 922 1154 aptae
936 1018 971 1073 et
981 1022 1143 1096 presserant
1179 1058 1186 1090 ,

134 1093 284 1168 nescies,
312 1099 426 1152 utrmn
446 1112 501 1154 res
528 1091 703 1174 oratione,
722 1111 770 1153 an
785 1112 841 1155 νον
863 1115 886 1156 a
901 1096 1076 1161 sententiis
1091 1098 1143 1162 issa·

132 1188 292 1243 strentur.
315 1174 337 1237 i.
355 1195 383 1238 e.
404 1184 442 1236 ut
457 1171 600 1255 ,dubium
623 1175 675 1239 sit.
729 1173 868 1241 Inclinat
891 1198 971 1243 vero
997 1181 1079 1268 apud
1099 1183 1144 1247 llo
1182 1207 1186 1258 1

131 1269 192 1330 rat.
209 1262 319 1324 Carm.
336 1265 367 1334 2,
390 1260 421 1330 4,
448 1264 499 1324 12.
523 1260 668 1335 nescias,
686 1272 774 1326 onte
787 1284 956 1349 generum
971 1263 1152 1355 beetinyl,
1184 1314 1186 1341 ;

132 1348 215 1414 lidie
223 1344 345 1435 flavae
364 1342 523 1442 decepept
540 1356 725 1430 parentes:
747 1363 885 1435 regrum
905 1350 998 1416 certe
1021 1364 1146 1439 gennae

126 1432 267 1521 penatis
290 1440 416 1493 moeret
441 1452 585 1517 zncquoa.

216 1531 329 1596 Restat
352 1536 389 1593 nt
412 1531 452 1594 de
478 1530 688 1595 coniunctivo
718 1535 751 1595 et
779 1523 819 1594 de
851 1532 1029 1620 negatione
1061 1533 1148 1600 inbre

134 1616 331 1703 loquutione
351 1613 403 1679 vel
423 1618 601 1681 necessaria
616 1613 669 1681 vel
684 1636 755 1679 non
777 1619 961 1683 necessaria
976 1620 1090 1685 dicam.
1121 1622 1149 1685 lc

132 1700 330 1766 coniunctivi
352 1701 437 1764 ratio
462 1722 533 1766 non
564 1698 723 1765 abhorret
746 1699 786 1775 ab
809 1703 962 1767 universo
989 1726 1054 1785 usu
1078 1704 1150 1769 bbiaa

130 1787 234 1852 modi.
277 1785 361 1850 Nam
380 1787 471 1872 quod
491 1812 508 1850 a
527 1784 686 1850 Cicerone
704 1787 739 1849 in
755 1785 846 1850 libris
866 1788 906 1851 de
921 1789 1065 1855 Oratore
1080 1812 1150 1876 saepe

131 1873 250 1936 dicitur
263 1869 361 1935 leand
374 1871 483 1934 sciam
499 1896 562 1949 are,
580 1869 769 1958 profectum
786 1877 833 1935 est
844 1872 883 1937 ab
902 1875 1046 1944 auctoris
1058 1896 1150 1962 magna

130 1957 290 2022 modestia
307 1964 340 2018 et
356 1955 395 2018 ab
412 1978 448 2021 ea
463 1957 662 2033 urbanitate,
689 1977 752 2042 qua
779 1955 1003 2043 gratissimum
1028 1960 1150 2025 colorem

130 2042 181 2108 his
199 2041 344 2106 maxime
360 2040 450 2104 libris
467 2042 594 2106 adiecit.
636 2040 675 2105 ln
696 2040 832 2128 reliquis
858 2043 1028 2111 Ciceronis
1048 2044 1151 2135 scriptis

123 2132 293 2215 'nusquam
308 2126 438 2213 legitur.
889 2148 895 2156 ’

241 2256 281 2306 De
297 2257 370 2306 Orat
391 2248 550 2317 2,17,72.
569 2256 598 2308 ln
619 2269 780 2307 caussarum
803 2252 1028 2311 contentionibus
1047 2273 1153 2337 reaeeguau¹

196 2350 238 2394 est
253 2338 394 2412 quoddam
408 2357 478 2409 opas
493 2351 576 2409 atque
598 2336 674 2389 baed
694 2343 782 2393 sciam
795 2359 834 2392 an
847 2339 882 2394 de
902 2340 1031 2396 humanit
1048 2339 1151 2411 operibat

198 2424 282 2495 longe
303 2422 460 2476 maximum.
481 2424 514 2486 2,
531 2420 581 2486 52,
598 2421 658 2476 209.
682 2439 736 2493 per
760 2433 846 2496 atque
869 2428 1020 2479 una-ratio
1041 2434 1081 2480 est
1098 2425 1150 2497 spei,

197 2508 340 2572 laetitiae,
369 2507 531 2561 molestiae:
556 2506 605 2561 sed
619 2505 695 2560 baud
717 2511 803 2562 sciam
822 2525 859 2560 an
878 2514 1028 2565 acerrimus
1042 2507 1169 2585 lorrgsait¹

196 2598 320 2647 omnium
340 2604 431 2645 motus
453 2591 583 2645 invidiae·
626 2589 808 2659 1,60‚t55.
840 2595 896 2648 niv.
914 2590 1071 2660 9,15,1o.
1109 2644 1125 2657 ,

210 2700 269 2766 llle
290 2720 370 2767 vero
401 2699 646 2782 coniunctivus,
679 2702 735 2789 qui
758 2712 836 2789 post
861 2702 959 2766 band
983 2703 1054 2768 seio
1074 2725 1112 2769 au
1128 2709 1172 2772 et=

127 2788 241 2852 neseio
265 2810 311 2851 en
327 2789 481 2875 ponitur,
515 2787 554 2850 ad
573 2811 644 2851 eam
662 2789 826 2852 rationem
843 2788 1027 2854 referamus
1041 2807 1151 2853 nocuae

124 2862 194 2946 cist,
222 2895 319 2958 quam
336 2875 370 2936 in
390 2870 543 2936 omnibus
559 2874 726 2936 sententiis
744 2896 814 2940 non
830 2875 1150 2961 remexponentibut,

130 2959 198 3035 sed,
218 2959 415 3045 cogitatione
433 2959 664 3030 intercedente,
690 2958 729 3021 ab
754 2959 854 3022 animi
869 2960 1009 3031 notione
1024 2959 1151 3048 pendeo·

126 3043 214 3106 tibus
234 3043 525 3131 grammaticorum
544 3043 695 3106 doctrina
717 3040 868 3107 illustrat.
918 3041 1006 3109 Nam
1028 3064 1106 3131 quae
1122 3040 1151 3104 ib

126 3129 321 3193 Hermanno
331 3130 370 3192 ad
383 3128 616 3215 explicandum
633 3128 721 3191 hunc
738 3130 984 3194 coniunctivum
995 3128 1150 3216 proposita
1182 3152 1186 3163 ·

128 3224 206 3278 sunt
232 3218 332 3300 (quae
351 3214 423 3277 vide
443 3213 529 3299 apud
552 3213 704 3278 Beierum
718 3211 801 3287 Exe,
817 3235 852 3301 p.
869 3215 966 3297 387.),
990 3234 1105 3280 vereor
1120 3232 1153 3276 ne

127 3301 292 3364 anemine
309 3299 502 3384 probentur.
544 3298 649 3362 Nimis
665 3298 812 3380 subtilia,
841 3322 902 3363 uec
918 3321 993 3376 vera
1010 3310 1104 3375 sunt,
1129 3305 1155 3360 et

126 3407 168 3448 ex
182 3408 218 3447 ea
231 3384 390 3467 opinione
408 3394 488 3456 orta,
507 3406 570 3469 qua
582 3384 636 3447 ille
645 3383 764 3470 ubique
779 3384 903 3447 interro
928 3386 1073 3449 ationem
1087 3398 1155 3469 sup·

151 3490 251 3530 onere
268 3476 402 3531 conatus
419 3479 476 3531 est.
516 3468 586 3532 Sed
604 3469 885 3555 quemadmodum
900 3407 939 3532 iit
953 3470 988 3533 in
1008 3471 1079 3534 aliis
1093 3490 1155 3534 ver·

124 3490 193 3625 iis,
220 3550 254 3613 in
269 3549 330 3613 hac
352 3574 484 3637 quoque
500 3553 695 3638 loquutione
712 3553 869 3618 vocabula
886 3555 922 3616 in
936 3574 1039 3618 unam
1056 3555 1157 3619 notio-

124 3655 222 3714 nem,
244 3658 327 3722 quae
348 3638 513 3700 modestae
538 3635 748 3702 affirmationi
771 3639 943 3712 inserviat,
969 3640 1015 3702 ita
1037 3647 1157 3713 coeunt,

124 3730 162 3783 ut
177 3743 241 3806 pro
258 3722 410 3785 adverbio
427 3724 535 3808 posita
552 3725 739 3805 videantur,
767 3745 827 3788 nee
841 3724 935 3787 verbi
958 3725 1098 3789 modum
1112 3744 1157 3805 ro-

124 3808 213 3902 gant·
258 3808 367 3885 Quare
384 3809 489 3871 oratio
505 3809 614 3894 pergit
630 3831 743 3895 saepe,
775 3809 822 3872 uti
844 3809 991 3872 instituta
1011 3820 1078 3891 es't,
1106 3805 1159 3898 'per

40 3929 43 3937 ι
125 3890 373 3969 indicativum,
391 3913 489 3978 quem
513 3916 583 3956 non
608 3901 677 3956 erat
700 3894 789 3981 quod
808 3895 961 3980 Vorstius
984 3917 1021 3982 p.
1044 3901 1119 3960 239.
1133 3902 1161 3957 et

124 3974 289 4039 Weberus
333 4023 340 4040 .
365 3981 414 4042 13.
440 3976 729 4063 reprehenderent.
774 3977 986 4042 Gembardus
1011 4000 1161 4067 graecum

123 4082 222 4124 usum
248 4000 425 4126 veriorum
448 4066 538 4144 δῆλον
562 4057 623 4142 ὅτι,
663 4058 718 4128 ott
747 4059 793 4128 ὅτι
821 4066 1037 4152 comparavit.
1083 4067 1160 4131 Bre-

122 4146 210 4211 mius
234 4144 269 4211 in
289 4146 393 4214 libro:
423 4145 594 4238 I’lu'lolog.
624 4146 792 4238 Beitrcige
816 4170 879 4217 aue
902 4150 965 4218 der
986 4151 1160 4222 &hwaete-
