2618 4770
128 336 189 399 190
485 418 491 449 ι
548 327 710 407 AEQVE.

126 486 267 571 Angelus
297 483 453 547 Caninius
476 493 510 547 et
532 480 598 545 los.
622 484 785 569 Scaliger,
806 480 969 567 significat
994 506 1039 547 ex
1066 506 1145 571 aequ

126 571 332 659 «acqualiter,
357 580 384 631 ct
406 567 493 631 idom
510 567 580 631 l'erc
596 578 663 647 cst,
694 568 784 653 quod
799 571 939 651 piariter
955 578 987 631 et
1001 571 1145 634 sinailite

125 658 289 743 siquidem
319 676 381 751 per
410 654 609 717 vaicabulum
627 655 767 738 pariter
797 655 938 739 proprie
971 655 1145 742 designem·

125 764 228 806 irritam
247 742 391 829 plainam
407 760 521 803 rerum
538 760 716 803 numerum
733 748 765 802 et
783 740 944 803 ambitum
954 787 963 819 ,
993 763 1058 827 per
1082 744 1143 805 sim

124 830 292 893 literram
310 848 351 889 ex
373 836 465 909 parte
490 824 671 909 aequalem.
714 824 753 887 ln
771 846 876 910 aequae
892 824 1090 912 intelligitur
1105 850 1144 891 un

125 937 237 985 versa,
263 932 346 995 (piac
362 910 475 974 cadem
493 912 618 973 duabus
632 909 731 973 rebus
749 912 937 973 communis
964 922 1032 985 est,
1062 914 1143 977 cond

120 1002 186 1062 ¹tio.
213 998 330 1061 Cicero
347 1016 449 1079 aquaria
467 994 506 1059 dc
520 994 618 1067 Ollio.
635 1002 674 1074 2,
696 999 735 1075 8,
757 994 870 1059 30.'de
889 996 1142 1063 benevolentiad

124 1086 247 1159 xisset,
270 1104 312 1145 aee
327 1104 408 1145 uota
424 1083 532 1166 pari
539 1092 606 1145 ter
627 1102 773 1145 coenes
790 1102 947 1166 egenum,
969 1082 1084 1167 paullo
1100 1107 1145 1171 por

125 1170 215 1234 aildit
230 1170 357 1231 lwnore
372 1178 406 1230 et
426 1167 548 1253 gloria
570 1175 603 1231 et
625 1163 857 1229 benevolentia
881 1167 1006 1231 etatum
1022 1165 1144 1255 fortas

125 1278 208 1319 riou
226 1278 246 1317 a
258 1274 362 1339 eque
378 1272 522 1315 ουιιιεε
539 1262 652 1338 egent.
676 1251 815 1314 Sueton.
831 1250 915 1337 Aug.
937 1256 990 1317 56·
1008 1266 1046 1317 ut
1061 1266 1144 1319 tana.

120 1339 207 1427 pari
223 1340 297 1403 iure
312 1348 440 1413 eremit,
470 1358 535 1423 quo
554 1336 677 1413 ceteri,
694 1334 889 1423 tertiasque
903 1336 1099 1403 iudiciariis
1113 1364 1144 1404 aa

124 1448 188 1513 qaae
202 1433 407 1491 tenerentur.
449 1418 488 1485 ln
506 1422 710 1489 aliis,autem
723 1360 815 1485 locis
840 1424 948 1487 maior
975 1425 1144 1510 aequalitati

128 1512 175 1577 vis
191 1518 328 1599 apparet
344 1509 379 1571 iu
396 1506 558 1571 vocabtdo
576 1528 699 1593 aequae,
746 1508 814 1571 aiod
831 1508 895 1595 ipsi
912 1509 1015 1573 verbo
1029 1532 1101 1595 por:
1112 1512 1144 1577 ad

124 1596 227 1661 ditur.
254 1596 355 1659 l'laut.
372 1591 461 1659 Men.
488 1594 528 1673 5,
552 1596 592 1673 9,
621 1596 673 1657 60.
744 1604 853 1657 .nter
874 1594 1002 1669 eratis,
1033 1595 1101 1659 tuu'
1122 1620 1144 1660 ai

125 1682 184 1748 itta·
201 1676 340 1745 saeuior?
360 1676 607 1763 M.SV.aeque
624 1676 725 1741 riardo
734 1682 854 1763 pares.
875 1716 919 1727 -
943 1680 1013 1743 Cic.
1031 1682 1072 1745 ud
1083 1682 1143 1747 Fam

125 1774 165 1837 9.
192 1774 248 1837 13,
271 1768 301 1829 4.
325 1784 393 1826 tacu
403 1784 545 1847 possum
561 1786 625 1847 ego
640 1786 708 1827 noa
732 1774 793 1827 aad
804 1766 962 1849 proxime
983 1777 1083 1853 atqcue
1103 1766 1144 1831 itt

125 1868 185 1919 aad
204 1854 310 1917 etiarm
325 1854 430 1933 aetpie
446 1844 617 1911 lczluirare.
628 1880 671 1897 -··
687 1848 925 1914 Graecidicunt
935 1852 1004 1915 111ον
1018 1862 1051 1916 et
1065 1850 1144 1927 αὔτως

211 1979 240 2035 1.
272 1969 530 2051 Componuntur
545 1966 646 2050 igitur
660 1964 726 2029 hoc
745 1968 850 2033 modo
866 1970 1103 2057 comparandae
1115 1992 1143 2033 re

126 2056 287 2143 aequales.
332 2054 444 2129 Quare
468 2052 671 2117 construitur
691 2068 809 2130 Astora
832 2074 908 2117 cum
931 2054 1143 2121 coniunctioni

126 2146 186 2205 luas
213 2136 424 2225 copulatius,
450 2138 646 2223 praesertim
669 2158 753 2222 quae
777 2140 1037 2227 aequiparationi
1068 2142 1144 2205 inser·

124 2229 235 2299 viruit,
265 2232 316 2290 et.
349 2230 466 2307 atqie,
505 2245 585 2310 que,
617 2245 660 2286 ao
689 2223 740 2299 si,
772 2235 804 2289 et
829 2246 906 2289 cum
927 2227 1143 2315 praepositioni

123 2332 201 2377 ciam
221 2306 309 2393 apud
326 2307 484 2371 comicos.
526 2308 579 2371 Ex
602 2306 729 2459 vulgari
750 2330 814 2374 usu
835 2311 1014 2397 scriptores
1038 2310 1143 2400 quidan

126 2392 213 2461 lraud
229 2390 309 2455 mali
325 2413 400 2455 acce
427 2403 542 2471 erunt,
557 2416 640 2481 quae
685 2396 814 2461 iceroni
826 2418 897 2461 non
911 2398 1057 2483 placuit,
1075 2412 1143 2463 coin

122 2479 325 2569 positionem
340 2415 661 2568 vallemclusam,
683 2492 739 2559 ut,
763 2502 865 2569 qiam
888 2494 944 2564 nt,
968 2494 1068 2570 atque
1089 2480 1143 2546 nde·

71 2556 75 2565 ⁵
123 2572 159 2633 in
183 2563 433 2649 comparatione
463 2588 523 2652 per
553 2565 734 2630 ablativum
765 2588 919 2653 expressa
948 2586 1143 2656 apposuerim

124 2672 240 2739 aeque.
284 2649 457 2714 Petronius
474 2651 536 2716 hac
553 2653 684 2716 ratione
699 2651 780 2715 dixit
793 2675 897 2739 aeqiie
925 2690 963 2703 —
983 2666 1143 2743 tamquam

235 2769 418 2829 Aeque-nr.
433 2770 490 2822 uic.
507 2770 585 2824 Tusc.
599 2770 634 2836 2,
655 2772 706 2837 26,
724 2772 766 2825 62.
786 2776 862 2827 caius
878 2774 1020 2846 inprimis
1037 2770 1142 2829 laudab!

190 2846 282 2914 illud,
311 2854 388 2924 quod
414 2854 518 2909 diceret
535 2856 648 2911 eosdem
675 2855 780 2911 laboras
801 2877 859 2910 aon
878 2878 937 2913 esse
959 2880 1048 2933 aeque
1071 2872 1142 2933 grave

191 2936 361 3006 imperatori,
371 2950 399 2992 et
414 2939 508 2994 militi.
524 2941 558 2994 de
578 2946 650 2993 Orat.
669 2942 703 3008 3,
724 2940 758 2992 50
767 2979 775 3006 ,
796 2942 855 2995 192.
871 2962 967 2997 vasus
980 2964 1067 3016 aeque
1079 2946 1142 3017 prim

190 3031 220 3072 et
244 3022 337 3075 acedia
364 3034 393 3076 ct
415 3035 537 3097 extsema
560 3044 628 3096 pars
643 3026 809 3080 attenditur.
826 3028 924 3080 Pallad.
941 3031 975 3083 de
991 3033 1032 3083 ue
1048 3044 1070 3085 t.
1089 3028 1142 3090 1,1

190 3104 215 3155 7Ι
236 3110 299 3160 viae
319 3108 431 3162 malitia
454 3129 541 3181 aeque
566 3124 593 3163 et
612 3111 758 3181 voluptati
780 3123 809 3165 et
834 3112 955 3169 utilitati
977 3116 1094 3170 aduena
1108 3100 1142 3165 'cs

188 3190 243 3241 Cio.
263 3192 295 3243 de
316 3194 373 3244 Fin.
394 3192 425 3254 1,
443 3195 495 3257 20,
518 3193 561 3245 67.
601 3198 657 3248 nisi
681 3214 768 3267 aeque
786 3201 890 3249 amicos
910 3207 938 3250 et
963 3190 1071 3255 nosmet
1090 3202 1142 3271 ipsc

189 3274 361 3345 diligamus:
387 3280 432 3330 ubi
469 3278 571 3331 librarii
603 3280 636 3329 dc
671 3297 717 3330 sua
746 3283 935 3335 cousuetudine
967 3305 1001 3337 aa
1033 3287 1141 3338 dedeina

188 3361 266 3411 sicuti
283 3358 316 3421 4,
339 3362 389 3424 23,
407 3363 450 3416 64.
471 3364 522 3429 24,
541 3364 583 3416 66.
600 3364 652 3431 27,
670 3363 712 3415 76.
731 3384 770 3433 pr.
788 3369 867 3419 Ilosc.
887 3371 960 3420 Com.
988 3371 1021 3433 1,
1039 3371 1058 3422 2
1083 3384 1142 3441 aequ

189 3446 263 3496 euim
283 3444 396 3500 tobaleae
412 3450 628 3503 condemnantur
646 3450 712 3511 eius,
722 3455 768 3521 qaai
778 3472 871 3504 aarum
881 3473 937 3505 aron
948 3457 1053 3517 retulit,
1067 3468 1093 3510 et
1100 3450 1139 3508 eid

187 3530 237 3598 qui
242 3524 356 3597 falsum
364 3536 536 3602 perscripsit.
545 3554 584 3603 pr.
592 3538 661 3586 Mur.
670 3534 710 3596 13,
719 3534 761 3587 28.
770 3555 796 3603 p.
806 3537 906 3591 Cluent.
923 3538 967 3604 69,
987 3541 1048 3595 195.
1066 3541 1138 3611 lipia

188 3614 217 3664 in
226 3615 285 3681 Dig.
294 3614 337 3678 47,
358 3615 399 3680 18,
420 3619 444 3682 1,
460 3617 486 3668 2.
505 3618 748 3688 oportebitautem
767 3640 854 3692 aeque
872 3634 900 3674 et
918 3627 947 3677 in
965 3623 1124 3697 effractores
1139 3652 1141 3667 ι

189 3698 220 3748 in
246 3709 349 3751 ceteros
372 3719 458 3771 supra
475 3705 596 3772 scriptos
618 3722 715 3756 caussa
734 3707 847 3774 cognita
863 3713 953 3761 statui
961 3747 969 3772 ,
985 3723 1072 3780 prout
1088 3706 1141 3765 aml

191 3787 391 3854 sumsuggerit.
411 3804 464 3837 non
478 3788 629 3852 cohaerent,
647 3790 1016 3860 utStcwechiusexistimarit,
1029 3799 1108 3849 verbu
1125 3809 1141 3844 a

191 3882 244 3935 que
266 3879 367 3936 prout,
386 3872 432 3922 scd
446 3891 532 3943 aeque
550 3883 579 3924 et
593 3900 628 3913 -
641 3882 677 3927 et.
713 3876 808 3925 Graeci
824 3876 916 3928 eodem
929 3882 1007 3931 modo
1026 3882 1089 3936 ἴσον
1105 3892 1141 3937 κα

188 3947 235 4002 ἴσα
261 3952 310 4003 eal
328 3967 496 4026 componunt.
514 3957 637 4024 Sophoel.
656 3956 721 4008 Ocd.
736 3958 800 4027 Tpn.
819 3959 879 4015 611.
896 3964 1015 4035 Thucyd.
1036 3966 1069 4035 8,
1093 3966 1136 4021 14.

222 4060 464 4123 saeva-hirom,
482 4077 531 4120 ac,
549 4076 582 4111 ac
598 4078 628 4112 ει.
645 4061 729 4112 Plaut.
749 4061 807 4111 Aul.
824 4063 856 4127 2,
874 4064 908 4134 4,
934 4067 975 4119 18.
991 4086 1097 4140 pumex
1113 4084 1141 4123 na

185 4157 274 4212 ecqua
291 4144 386 4200 aridus
411 4155 497 4218 atqua
514 4143 559 4199 laic
578 4156 621 4199 ast
638 4164 731 4203 senex·
749 4148 789 4201 uti
806 4148 996 4206 resumendam
1021 4174 1079 4209 esse
1102 4157 1141 4210 bot
