2618 4770
125 308 191 375 teo
476 298 677 411 ..trouu
719 299 789 367 AG·
972 342 1007 381 a

210 457 362 525 Primum
389 455 478 522 enim
502 472 624 534 trove
649 453 772 521 indicet
796 454 916 522 seriem
946 455 1178 525 sententium:

125 546 315 613 continuari
333 565 370 607 en
385 542 520 629 quidem
533 543 680 623 ratione,
702 549 740 605 ut
756 551 813 606 eut
830 541 893 606 elie
909 540 1111 618 sidiiciutur‚
1130 565 1170 608 et-

126 654 192 720 que
209 629 362 694 subtilior
376 628 424 692 rei
439 627 605 692 distinctio
629 638 662 692 ct
687 614 1173 708 demonslfeiliffiffl'ectoffl

126 718 168 783 sd
178 708 505 787 utiiiii‘ii'tffi‘Ji'fite'e
514 710 851 795 'iiiii'ii'offiinuttm‘s
865 716 1056 777 accuratius
1069 715 1174 778 'cousi-

124 802 306 868 derandum
337 798 574 886 perducuntur.
624 798 737 877 Quare
772 799 809 862 in
844 797 897 863 his
921 799 1092 886 particula
1118 800 1176 886 ple·

124 909 269 974 rumque
292 885 448 972 proxime
470 884 629 981 iungitur
643 905 722 947 cum
754 884 1019 983 pronominibus
1048 884 1179 950 demon·

125 973 287 1048 erraticis,
311 972 369 1034 eti
387 966 988 1061 'st'qiiiui‘ffffl‘n‘utrtrtons-ncn
1007 971 1179 1037 multumt

125 1056 289 1149 particula
309 1067 344 1119 et
361 993 495 1119 ‹lifferre
514 1055 663 1135 videtur,
685 1055 720 1119 in
747 1055 819 1120 aliis
846 1056 971 1142 exponi
995 1067 1115 1142 potest
1132 1079 1181 1143 per

125 1167 229 1233 qrirem
249 1139 339 1205 illud
356 1141 423 1216 sit,
442 1140 493 1204 vel
516 1145 583 1228 per‘
603 1151 636 1203 et
664 1140 729 1204 itu.
775 1142 852 1222 Quo
869 1141 1006 1228 quidem
1026 1142 1182 1229 discrepat

123 1251 204 1293 usus
235 1227 415 1315 particulae
444 1237 502 1308 at,
536 1226 636 1309 etiem
665 1226 701 1289 in
723 1227 894 1292 nectendis
919 1229 1100 1292 sententiis
1132 1228 1181 1292 ad·

123 1313 258 1380 hibitue.

97 1418 99 1423 ,
231 1435 286 1487 Gic.
303 1433 336 1486 de
354 1435 428 1482 Oret.
446 1428 480 1496 3,
497 1428 549 1496 82,
570 1430 629 1485 180.
648 1432 744 1503 Atque
762 1435 803 1500 ii,
826 1451 895 1507 quos
914 1435 1070 1487 nominavi
1087 1441 1138 1485 etc.
1160 1432 1183 1497 2,

193 1519 231 1584 7,
247 1519 291 1572 27.
308 1517 429 1586 exposite
449 1534 479 1568 re
504 1515 606 1585 pergit:
633 1520 728 1589 Atque
753 1517 784 1570 id
805 1519 923 1586 primum
943 1519 972 1571 in
991 1519 1092 1586 poetis
1118 1521 1184 1572 cerui

195 1606 270 1659 iicet.
305 1600 467 1666 3,10‚39.
486 1602 576 1668 agitur
592 1599 625 1652 de
643 1619 685 1665 eo,
704 1602 769 1671 quid
787 1603 822 1655 sit
838 1605 919 1655 latine
935 1603 1028 1672 loqui:
1049 1613 1107 1655 tnm
1126 1623 1182 1673 per-
1211 1646 1216 1681 t

193 1693 236 1759 git
253 1688 353 1741 oratio:
376 1696 480 1754 utque,
502 1696 533 1737 ut
552 1683 641 1739 letina
666 1685 830 1767 loquamur3
849 1707 905 1742 nou
921 1688 1020 1742 solum
1037 1689 1183 1743 videndum
1211 1690 1216 1717 ¹

195 1788 257 1840 est,
276 1785 308 1826 ut
325 1780 376 1823 etc.
409 1787 436 1838 p.
456 1769 530 1820 Coel.
549 1769 600 1834 1⁹,
617 1769 661 1824 45.
681 1773 819 1838 audistis,
837 1791 921 1845 quum
944 1792 999 1845 pro
1021 1792 1055 1828 se
1070 1775 1183 1830 discrete

195 1887 232 1905 .-.
250 1875 336 1930 genus
354 1857 505 1916 orationis,
519 1849 713 1923 facultatem,
730 1861 841 1927 copiam
856 1863 1062 1914 sententiarum
1083 1873 1112 1915 et
1132 1881 1181 1915 uer·
1213 1908 1215 1915 .

122 1936 136 1951 ⁶
194 1942 309 2006 borum,
329 1960 400 2013 quae
418 1951 511 1993 vestra
525 1939 680 2010 prudentia
692 1954 747 2006 est,
767 1945 959 2014 perspexistis.
993 1946 1092 2015 Atque
1108 1951 1137 2001 in
1153 1965 1181 2001 eo

194 2049 252 2084 non
272 2027 364 2081 coliem
382 2027 524 2097 ingenium
540 2030 599 2080 eius
616 2025 776 2080 videbatisr
793 2056 828 2068 -
854 2026 904 2081 sed
930 2031 1043 2097 inerat,
1072 2035 1180 2088 nisime

193 2123 314 2186 propter
333 2109 555 2165 benevolentium
568 2106 652 2180 forte
663 2106 810 2180 fallebat,
828 2114 911 2165 ratio.
932 2115 1018 2166 Pluut.
1040 2119 1100 2169 Aul.
1114 2119 1179 2170 Prol.

195 2197 239 2252 15.
258 2195 344 2251 uliis
364 2194 435 2249 obiit
453 2207 587 2259 mortem,
605 2199 653 2267 qui
673 2194 742 2251 milti
768 2196 798 2249 iel
822 2217 919 2251 aurum
936 2199 1078 2266 credidit,
1106 2207 1179 2273 coepi
1213 2244 1215 2251 .

194 2282 357 2341 observare,
377 2283 456 2350 ecqui
475 2283 608 2334 ntaiorem
619 2279 703 2350 filius
722 2280 790 2335 milri
808 2281 939 2337 honorem
957 2282 1085 2351 liaberet,
1102 2306 1177 2357 quam
1211 2270 1215 2381 Ι

196 2373 256 2422 eius
276 2364 418 2421 habuisset
435 2376 528 2435 pater.
564 2368 659 2445 Atque
685 2366 736 2420 itte
756 2387 821 2422 vero
848 2372 940 2422 minus
965 2373 1114 2442 minusque
1135 2376 1176 2428 im·

194 2424 422 2522 pentlio'curure.
442 2450 461 2500 i.
474 2469 497 2502 e.
513 2448 604 2504 dieser
617 2472 674 2504 nun
688 2450 763 2508 aber.
799 2455 904 2507 Cornel.
917 2459 995 2523 Ages.
1011 2455 1047 2522 7¹,
1065 2459 1091 2510 2.
1109 2458 1175 2511 Nam

95 2538 98 2548 '
193 2550 278 2605 quum
295 2534 445 2604 praecipue
468 2535 691 2592 Lacedaemonii
714 2536 869 2608 indigerent
894 2545 1030 2609 pecunia,
1059 2543 1110 2598 tlte
1126 2563 1173 2597 om·

193 2619 296 2682 nibus,
327 2621 376 2688 qui
400 2637 419 2670 a
443 2638 507 2690 rege
534 2616 711 2691 defecerant,
746 2624 888 2693 praesidio
910 2621 995 2695 fuite
1031 2647 1052 2679 a
1085 2627 1173 2699 quibus

193 2723 299 2775 magna
318 2703 439 2755 donatus
458 2709 594 2773 pecunia,
613 2710 737 2775 patriam
753 2707 921 2765 sublevavit.
956 2714 1055 2782 Atque
1079 2716 1107 2765 in
1130 2713 1173 2767 loc

115 2808 120 2813 ·
194 2787 271 2843 iilud
291 2790 419 2858 inprimis
438 2785 506 2859 fuit
529 2789 704 2845 adurirubile.
752 2793 844 2870 Quum
869 2798 993 2848 maxima
1018 2816 1133 2852 munera
1151 2802 1174 2853 oi

194 2870 232 2928 ab
268 2871 379 2943 regibus
408 2885 436 2928 et
460 2875 593 2946 dynastis
623 2876 840 2948 civitatibusque
865 2877 1078 2950 conferrentur,
1110 2882 1174 2938 nibil

194 2975 327 3026 ursiquam
361 2957 474 3012 domum
506 2977 586 3013 suum
624 2953 757 3017 contulit*
794 2965 869 3015 Eum.
898 2965 948 3028 10,
981 2966 1007 3020 8.
1045 2970 1091 3020 ubi
1121 2970 1172 3022 vide

194 3043 335 3095 Bremium.

229 3146 331 3196 Eodem
346 3147 425 3198 modo
445 3149 551 3200 Tacitus
570 3148 654 3201 nectit
671 3151 867 3214 narrationem,
887 3152 932 3204 ubi
960 3153 995 3204 ad
1020 3155 1103 3206 uliam
1124 3172 1173 3207 rem

193 3228 223 3281 iu
256 3247 338 3298 aequo
363 3231 476 3298 positum
502 3234 599 3284 transit
606 3253 614 3299 ,τ
642 3253 795 3304 quemquam
823 3255 877 3289 non
902 3239 988 3290 rarius
1012 3240 1117 3293 diversa
1131 3260 1173 3293 ra·

190 3314 266 3365 tione
292 3326 400 3385 usurpet
426 3328 466 3369 at.
499 3319 553 3369 vid.
578 3339 605 3388 p.
632 3319 692 3372 422.
729 3324 796 3372 Anu.
824 3322 873 3385 14,
895 3320 938 3373 64.
965 3323 1008 3396 Λς
1029 3326 1173 3394 puella·-

193 3398 319 3451 nondum
336 3410 428 3452 tanren
447 3414 536 3456 morte
553 3403 753 3475 acquiescebat.
788 3406 865 3469 Quod
882 3407 1033 3475 saepissime
1050 3411 1084 3461 ub
1102 3411 1173 3461 initio

192 3483 318 3552 ponitur,
335 3487 462 3552 interim,
490 3507 577 3541 secum
593 3492 674 3542 habet
698 3502 792 3561 atquc.
825 3496 891 3542 Anu.
910 3490 958 3556 16,
976 3492 1002 3545 3.
1026 3496 1122 3565 Atque
1138 3500 1173 3548 in·

113 3582 122 3594 ·
153 3626 156 3629 .
193 3570 275 3621 terim
294 3567 415 3638 reliquus
435 3569 560 3641 legiones
583 3593 635 3645 pro
661 3575 725 3641 ripa
746 3573 901 3643 Euphratis
919 3575 1003 3629 locat.
1038 3580 1084 3630 Sic
1101 3581 1174 3632 etiem

193 3652 290 3705 Caesar
308 3657 336 3704 B.
355 3653 408 3704 cic.
427 3652 461 3717 2,
479 3655 530 3723 29,
550 3658 575 3713 1.
601 3660 645 3710 ubi
665 3661 718 3712 vid.
736 3660 815 3714 Held.

226 3769 354 3835 Virgilius
372 3776 435 3824 Aen.
453 3774 550 3826 librum
569 3794 667 3828 nonum
685 3789 712 3830 et
730 3779 808 3828 Silius
833 3778 928 3830 librum
947 3788 1071 3847 quartum
1089 3780 1173 3834 Punic.

191 3851 346 3922 inceperunt
365 3858 451 3909 verbis
470 3852 565 3930 Atque
582 3882 631 3926 eu,
648 3874 679 3914 ut
699 3864 922 3916 continuationem
946 3882 1035 3916 rerum
1064 3884 1173 3917 narren-

191 3936 283 3988 darum
301 3939 457 3994 indicarent.
492 3947 596 3998 Servius
613 3948 693 3999 haec:
713 3965 793 4017 quem
816 3954 963 4003 transitum
983 3949 1104 4018 quidam
1121 3949 1175 4001 cul·

190 4033 278 4092 punt,
304 4029 456 4081 nescientes
487 4031 639 4104 Virgilium
662 4033 813 4101 prudenter
838 4037 961 4090 iunxisse
985 4033 1176 4103 superioribus

190 4110 314 4180 negotiis
331 4114 475 4184 sequentia
492 4134 543 4186 per
560 4115 643 4174 illam
662 4114 843 4188 particulam.
