2618 4770
12 632 24 663 lo

17 668 25 681 .
74 623 201 712 cipitur.

12 770 29 877 ἒ.

12 934 36 981 s.

556 118 627 185 ANa
1014 178 1017 183 -
1058 137 1122 200 849

12 345 17 365 ‚
42 296 54 337 '-
74 258 529 365 dilinit5'quati'‘ouicumque·
547 275 693 340 orationi
707 273 875 342 illusionis
886 277 939 345 vel
954 281 1122 349 'irrisionis

12 372 34 441 ’,
76 386 182 431 cauma
196 364 363 429 iniicitur.·
397 362 485 425 Haec
506 362 595 425 enim
612 384 682 427 non
696 358 798 425 allicit
808 385 933 445 novum
954 389 991 431 ac
1007 370 1123 456 singu-¹

12 476 35 557 εἰ
76 446 137 516 lare
164 472 267 538 genus
292 447 581 534 interrogationis,
622 449 678 512 sed
713 446 752 510 ad
786 459 888 514 artem
918 451 1122 521 rhetoricam

19 594 29 631 a

79 539 223 634 pertinet.
282 535 451 601 Sententia
483 532 717 598 enuntiationis
750 532 787 596 in
817 540 1040 607 contrarium,
1061 565 1122 607 ex-

168 739 262 795 ·Huiirs
279 743 380 794 ironiae
407 742 554 810 exemplum
576 741 741 790 Hermannns
761 740 964 810 deprehendisse
984 746 1034 798 sibi
1052 749 1122 800 visus

138 840 180 882 est
201 830 230 880 in
245 819 363 882 duston.
387 830 476 879 Octav.
500 824 544 878 54·
571 827 713 879 Antistius
736 825 837 880 Ladon
858 839 972 881 senatus
994 830 1120 897 lectione,

136 933 219 988 qaum
234 915 278 967 vir
293 917 384 967 viram
405 913 524 987 legeret,
543 909 592 966 M.
611 910 773 980 Lepidum,
799 909 907 965 bostem
927 913 997 968 olim
1017 921 1077 970 eins
1094 931 1123 972 et

139 1011 205 1053 tnnc
222 998 398 1052 exsulantem
416 997 504 1068 legite
523 999 762 1067 interrogatusque
780 991 817 1047 ab
835 1015 885 1059 eo,
905 1006 943 1050 ort
960 1014 1052 1054 essent
1069 1002 1124 1058 alii

138 1084 298 1156 digniores,
322 1101 401 1135 snum
432 1100 565 1155 quemque
587 1079 718 1135 indiciam
740 1078 840 1137 habore
864 1064 1019 1155 respondit.
1048 1091 1122 1155 quasi

137 1174 269 1237 Angustus
293 1188 351 1220 cnm
374 1169 498 1220 irrisione
523 1167 648 1218 dixisset:
681 1165 803 1217 nimirum
826 1167 870 1220 hic
896 1180 938 1220 est
955 1168 1123 1238 dignissimus

137 1255 184 1324 qni
203 1230 321 1321 legitur:
341 1253 448 1324 giltas
468 1251 541 1304 dean
556 1250 659 1303 anelare
675 1251 853 1322 wttrrligers?
875 1255 952 1316 Quod
967 1257 1071 1323 quidem
1088 1261 1124 1312 ab
1210 1260 1214 1275 ⁴

135 1344 255 1408 Augusto
275 1336 328 1391 dici
348 1346 469 1408 poterat:
494 1337 540 1388 sed
557 1351 636 1387 annm
655 1336 721 1386 illud
740 1352 793 1386 non
812 1337 932 1399 credam,
951 1338 1000 1390 tali
1020 1341 1125 1396 ironiae

134 1421 349 1496 pronuntiationi
378 1434 467 1492 aptum
490 1423 577 1472 locum
604 1440 661 1473 esse
685 1422 714 1472 in
737 1423 889 1474 narratione
914 1435 942 1475 et
966 1425 995 1475 in
1015 1428 1126 1498 obliqua

139 1511 269 1563 orationis
294 1504 405 1561 forrum
429 1511 515 1570 Quare
551 1508 696 1575 Stephanus
730 1509 891 1562 assentiente
915 1511 1037 1563 Ernestio
1068 1534 1125 1568 non
1220 1537 1223 1543 ·

126 1598 207 1649 *male
224 1595 331 1664 scripsit
359 1615 396 1647 an
420 1611 485 1646 oon.
519 1593 604 1645 Reizii
629 1593 782 1644 coniectura
807 1613 880 1647 anno
904 1595 971 1646 nihil
997 1598 1124 1652 efficitur.

137 1684 249 1734 Terent.
265 1684 329 1733 lieo.
346 1677 379 1747 4,
400 1679 434 1744 4,
451 1676 494 1729 40.
515 1677 622 1731 censen’
638 1688 666 1730 te
685 1682 903 1748 possereperire
918 1679 1008 1733 ullam
1026 1684 1125 1738 mulia·

133 1787 211 1830 rem,
230 1785 302 1839 quac
322 1771 416 1817 careat
435 1762 552 1841 culpal·
567 1782 604 1815 an
630 1762 694 1833 qaia
722 1781 778 1815 non
795 1762 963 1833 delinquunt
986 1769 1063 1823 viril
1080 1771 1126 1836 ubi

61 1902 68 1915 ,
125 1840 274 1904 ’Βοηιῑιιεε
299 1849 426 1923 εἰρωνείᾳ
443 1849 570 1911 dictami
587 1864 643 1900 oon
661 1851 735 1902 enim
752 1866 808 1901 non
825 1847 1002 1923 delinquunt.

155 1974 208 2033 12.
238 1967 367 2031 Accedo
385 1966 424 2029 ad
443 1966 524 2033 alios
541 1973 713 2032 oratorum
735 1989 824 2032 usus.
854 1970 913 2033 An
933 1980 965 2033 ct
982 1992 1029 2034 cn
1045 1993 1124 2037 aero

66 2064 344 2143 usurpantlsaepe
360 2054 395 2115 in
413 2075 449 2116 ea
466 2054 635 2134 sententia,
652 2055 686 2118 in
703 2074 776 2140 qua,
797 2075 924 2119 novum
943 2077 1126 2143 argumen-

25 2171 29 2177 ·
67 2151 142 2205 tum
158 2139 384 2226 superioribus
395 2137 561 2218 additum,
581 2162 604 2214 a
614 2161 649 2202 re
666 2146 752 2202 certa
769 2149 801 2202 et
818 2138 970 2205 confessa
988 2142 1029 2206 ad
1048 2164 1125 2209 rem

66 2226 251 2314 respiciunt
276 2224 410 2288 dubiam
429 2233 462 2287 et
486 2234 659 2307 negatam,
690 2225 747 2287 sod
764 2225 811 2288 illi
837 2222 998 2310 similem,
1019 2236 1058 2290 ut·
1083 2229 1142 2293 ad'

69 2309 355 2398 comprobandam
382 2308 518 2372 alteram
542 2330 583 2372 ex
607 2308 708 2373 altera
732 2309 837 2396 priori
860 2310 917 2374 fiat
941 2312 1125 2382 conclusio.
1177 2324 1184 2337 ’

66 2397 186 2484 Logici
217 2403 337 2463 vocant
371 2395 693 2482 argumentationem
719 2419 737 2458 a
767 2397 898 2460 minore
932 2398 972 2461 ad
1003 2401 1123 2466 maius.

68 2482 237 2549 Eunidem
271 2502 405 2544 sensum
437 2503 500 2544 nos
530 2481 750 2566 exprimimus
782 2482 964 2545 vernaculis
996 2486 1124 2550 verbis:
1182 2536 1186 2541 -

68 2567 155 2632 celer
170 2566 252 2632 aber
271 2566 369 2629 sollte
381 2563 474 2645 janes
496 2572 583 2629 stau
599 2559 744 2652 finden,
777 2566 851 2630 und
874 2566 983 2633 dieses
1004 2570 1128 2636 nicht?

70 2652 300 2740 Requiruntur
315 2650 633 2739 igiturresacquales
649 2650 816 2736 velaeque
833 2653 1019 2741 possibiles,
1038 2677 1125 2743 qua-

67 2761 147 2805 rum
164 2762 207 2804 ne
223 2737 322 2825 altera
340 2736 438 2801 dubia
453 2737 619 2817 videatur,
646 2737 832 2823 quaeritur,
855 2739 1029 2886 puomodo
1049 2740 1124 2807 fieri

68 2825 194 2913 possit,
218 2833 255 2886 ut
274 2846 310 2886 ea
325 2845 394 2886 non
413 2822 563 2899 exsistat,
591 2844 675 2909 quae
693 2843 799 2908 aequo
820 2844 858 2889 ve
892 2826 1020 2890 maiore
1037 2828 1123 2892 adeo

69 2913 142 2975 iure
165 2910 280 2974 locum
304 2917 431 2985 teneat,
457 2918 489 2971 et
514 2908 658 2973 eiusdem
687 2910 728 2972 sit
751 2908 902 2973 rationis.
944 2912 1058 2977 Altera
1087 2936 1125 2978 re

69 3018 225 3061 concessa
235 2994 442 3058 concluditur
454 2993 589 3058 alteram
608 2994 785 3058 secundam
796 2995 893 3058 etiam
913 3017 1023 3063 veram
1042 3021 1124 3063 esse.

65 3084 224 3146 Attamen
241 3079 307 3143 hoc
324 3080 435 3166 ipsum
451 3102 522 3143 non
537 3077 742 3165 significatur
761 3077 928 3145 vocabulo
942 3106 1006 3163 on,
1030 3084 1124 3170 quod

66 3167 173 3233 modo
189 3165 328 3245 indicat,
352 3163 449 3238 haec,
468 3185 552 3250 quae
569 3166 739 3240 dicuntur,
757 3163 827 3229 aliis
874 3169 1039 3232 resmissis
1056 3192 1125 3256 op·
1186 3202 1190 3211 ¹

66 3252 167 3342 poni,
195 3252 265 3316 sive
290 3274 332 3314 ex
353 3252 392 3314 iis
419 3260 589 3336 tamquam
612 3251 777 3315 contraria
801 3189 921 3338 colligi.
976 3252 1125 3335 Etenim,

68 3354 140 3402 non
158 3338 269 3424 posito
287 3361 353 3417 aa,
377 3336 467 3400 idern
485 3338 683 3423 exprimitur
701 3335 803 3401 verbo
824 3360 919 3425 ergo.
964 3338 1029 3402 vid.
1055 3339 1125 3404 Cic.

68 3422 172 3488 Tusa.
197 3427 234 3502 1,
256 3423 314 3502 14,
336 3428 388 3488 81.
418 3421 525 3486 Beier.
549 3423 589 3485 ad
608 3423 676 3486 Cic.
700 3421 740 3485 de
766 3421 833 3486 Off.
860 3433 896 3498 1,
917 3427 970 3487 31.
992 3446 1028 3511 p.
1045 3425 1123 3490 245.

68 3506 271 3574 Coniunctio
286 3508 459 3595 utriusque
474 3508 653 3598 sententiae
670 3515 779 3571 autem
799 3531 837 3572 ea
855 3517 920 3587 est,
950 3526 1015 3595 qua
1039 3509 1125 3576 duae

14 3616 19 3627 ‘
67 3617 122 3660 res
146 3614 278 3661 caussae
291 3593 352 3658 *vel
372 3595 510 3673 rationis
536 3615 626 3656 nexu
652 3595 696 3656 ita
718 3593 949 3670 cohaerentes,
975 3604 1015 3657 ut
1030 3595 1066 3660 in
1083 3619 1124 3661 eo

69 3678 268 3767 explicando
295 3678 441 3745 adhiberi
465 3679 573 3767 possit
596 3699 695 3766 quiam
718 3678 769 3742 vel
794 3679 845 3761 si,
870 3698 975 3766 aequo
990 3682 1070 3745 loco
1091 3691 1124 3751 et

69 3768 103 3833 a
124 3761 315 3850 παραλλήλου
337 3771 605 3853 componuntur:
641 3761 792 3849 dequo,
817 3772 855 3827 ut
881 3786 990 3847 nune,
1018 3787 1124 3854 quum

68 3851 151 3916 haec
166 3852 291 3938 scripta
307 3872 382 3914 mea
404 3848 619 3939 typographo
635 3849 750 3929 trado,
774 3849 889 3929 video,
925 3855 1124 3940 nuperrime
1151 3895 1153 3900 -

69 3934 237 4004 Wolfium
252 3950 410 4024 sequutus
426 3935 589 4025 subtiliter
604 3935 755 4002 disseruit
770 3934 974 4024 Madvigius,
999 3928 1124 4005 Emen-
