2618 4770
210 289 273 352 600
595 273 759 355 ATQVE.
804 276 872 340 Ac.

316 437 390 519 Aliis,
407 432 574 503 interpositis
597 432 747 493 vocabulis,
782 433 873 480 Senec.
900 431 948 499 Ep.
975 429 1025 492 82,
1054 429 1080 483 2.
1100 390 1185 486 (iliud
1210 439 1257 490 einr
1294 484 1301 513 ·:

281 523 397 580 subinde
415 531 499 592 atque
517 515 598 571 uliud
610 513 754 584 facientes
773 516 893 569 initium.

297 634 329 692 2.
363 625 412 691 At
434 643 621 700 uceccum,
641 622 871 705 aitqueeccum
887 617 1001 683 videa.
1043 619 1093 682 Ita
1112 619 1140 682 is
1157 619 1259 705 loqui·
1299 620 1301 627 ’

194 727 288 791 *tun
319 714 376 799 qui
401 648 562 794 ediquem,
595 705 651 790 qui
677 704 945 789 exspectabatur,
973 703 1026 769 vel
1050 706 1107 790 qui
1139 728 1261 792 oppor-

214 809 342 875 tuneet
359 791 536 860 commode
552 793 661 865 renit',
683 791 834 855 accedere
858 791 956 855 videt.
1002 789 1143 855 Terent.
1167 793 1260 854 Andr.

214 890 247 962 3,
271 893 302 952 3.
323 887 376 949 48.
398 874 533 957 Eouss,
554 883 584 953 2,
600 883 639 940 ¹2.
664 876 743 940 Hec.
758 882 790 952 4,
815 885 844 958 1,
867 881 897 940 8.
922 874 1025 955 Quod
1050 899 1151 962 saepe
1173 878 1262 941 etiam

218 955 417 1039 dicitursed
442 986 555 1030 eccum
579 961 695 1037 video,
732 984 830 1026 nemo
849 961 1018 1025 adhibebit
1042 962 1083 1026 ad
1107 983 1263 1050 compro-

216 1058 360 1123 bandam
376 1051 547 1136 utriusque
562 1047 727 1113 formulae
746 1049 985 1134 aequalitatem.

167 1197 175 1207 .
299 1149 332 1207 3.
356 1143 417 1202 'Ac
443 1152 551 1201 sanus
576 1156 646 1197 non
670 1155 746 1197 raro
782 1143 1050 1220 componuntur,
1087 1143 1126 1194 ut
1157 1155 1265 1197 rerum

217 1215 468 1295 continuitatem
487 1233 519 1286 et
535 1220 762 1306 aequalitatem
779 1220 943 1284 indicent:
972 1217 1044 1282 und
1060 1239 1097 1280 so
1113 1214 1263 1304 oftmals.

216 1312 307 1385 c'onf.
323 1336 357 1399 p.
372 1311 447 1374 485.

320 1433 409 1485 Celsus
434 1425 469 1492 5,
495 1427 527 1490 8,
551 1425 577 1476 4.
602 1446 635 1477 ac
658 1442 743 1495 saepe
760 1423 807 1487 id,
827 1423 977 1497 quodiam
995 1443 1092 1477 sanum
1109 1425 1263 1493 videbatur,

226 1552 229 1559 ι
283 1522 382 1574 iterum
400 1513 581 1569 exulceratur.
601 1511 633 1575 3,
650 1510 674 1563 3.
705 1530 731 1579 p.
748 1511 808 1564 116.
829 1513 862 1574 4,
881 1508 923 1561 14.
940 1530 966 1580 p.
984 1511 1043 1564 222.
1064 1512 1134 1561 Alm.

300 1624 333 1685 4.
375 1619 485 1682 Atcue
517 1637 592 1679 cum
622 1613 722 1677 vcrbo
758 1614 876 1677 omniu
907 1636 1003 1700 saepe
1033 1618 1261 1700 componitur:

215 1707 306 1795 quod
321 1728 392 1769 nou
429 1714 679 1765 tsineeausso.
724 1722 778 1762 nes
814 1721 903 1762 euim
920 1700 967 1762 vis
987 1699 1169 1782 collectiva,
1187 1725 1261 1786 quae

215 1793 329 1858 omnia
344 1789 522 1875 aequaliter
539 1785 782 1872 complectitur.
827 1785 934 1849 Simili
950 1785 1054 1849 modo
1072 1809 1137 1850 nos
1152 1790 1259 1877 loqui-

215 1901 294 1944 mur
308 1875 381 1940 und
395 1898 432 1937 so
448 1872 648 1957 iibcrltaupt.

240 2020 244 2027 ¹
329 1997 384 2048 Cic.
403 1996 436 2047 de
453 1998 526 2044 Orat.
544 1991 577 2054 3,
599 1991 648 2052 59,
668 1988 728 2042 088.
741 2000 824 2061 atque
845 1993 874 2043 in
893 1994 928 2045 iis
946 1992 1091 2056 ominibus,
1112 2014 1184 2065 quae
1202 2003 1259 2045 sunt

285 2082 423 2142 actionis,
441 2081 512 2131 inest
531 2072 668 2148 qrsaedaui
686 2078 729 2128 vir
753 2096 772 2127 a
800 2062 902 2128 natura
930 2077 1006 2129 data.
1044 2084 1117 2130 Oret.
1138 2076 1188 2145 59,
1206 2081 1257 2132 000.

282 2177 366 2238 atque
384 2156 477 2217 emnia
495 2162 546 2218 illa
567 2173 596 2215 et
617 2165 707 2231 prima
734 2171 761 2213 et
785 2160 877 2215 media
901 2160 986 2214 verba
1011 2173 1140 2232 spectare
1167 2163 1256 2216 debent

284 2251 323 2305 ad
342 2252 477 2304 ultiuwm.
503 2249 537 2309 2,
557 2244 607 2309 64,
624 2245 684 2298 257.
708 2256 794 2316 atquo
814 2244 881 2299 haec
902 2250 996 2311 omnia
1021 2247 1106 2301 verbo
1127 2253 1256 2302 contineu-

285 2347 337 2390 tur.
372 2339 412 2385 Ita
437 2335 515 2384 etiam
534 2334 675 2401 praemissu
690 2317 810 2399 negativa
828 2335 957 2384 sententia
975 2336 993 2405 i·
1014 2353 1040 2402 q.
1058 2345 1088 2387 et
1104 2339 1212 2404 potius.
1229 2336 1255 2384 dc

262 2422 360 2474 roffio.
377 2418 404 2483 2,
420 2418 464 2482 23,
483 2416 525 2469 88.
548 2416 694 2468 commoda
717 2420 821 2470 civium
838 2437 892 2470 non
909 2419 1056 2481 divellere,
1075 2432 1160 2487 atque
1179 2421 1256 2471 omnis

192 2492 221 2545 ¹·-
281 2508 425 2576 aequitate
449 2501 545 2555 eadem
569 2503 718 2556 continere.
744 2503 789 2553 ubi
811 2505 939 2557 Matthiae
959 2506 1042 2557 miror
1067 2506 1139 2573 quod
1160 2506 1194 2555 ad
1212 2506 1254 2554 Ca-

281 2589 322 2640 til.
341 2589 376 2649 2,
397 2586 445 2651 12,
462 2585 505 2638 27.
522 2587 646 2655 explicuit
660 2586 728 2640 sed:
747 2589 852 2640 Beierus
869 2592 1028 2661 potiusque.
1062 2593 1121 2641 Nos
1141 2588 1255 2641 Germani

282 2677 320 2726 ita
345 2672 491 2740 loquimur:
520 2672 571 2725 das
601 2670 698 2729 Wobl
723 2671 771 2726 der
799 2674 961 2745 Mitbr'trger
987 2675 1063 2727 nicht
1087 2673 1256 2735 zerstrt'cltelu,

284 2757 350 2812 und
369 2775 400 2809 so
428 2756 562 2809 vielmehr
586 2757 645 2811 alle
670 2761 721 2811 mit
745 2758 867 2829 gleiclier
900 2762 987 2830 Sorgc
1015 2756 1171 2829 urrifassen.
1208 2762 1256 2821 Quo

177 2910 180 2914 Ι
282 2845 361 2896 modo
382 2842 415 2893 ad
435 2844 522 2892 Fratr.
540 2842 571 2904 1,
592 2843 624 2906 1,
643 2841 669 2893 8.
695 2841 767 2896 nibil
790 2844 917 2899 acerbum
943 2864 1019 2908 esse,
1048 2843 1121 2899 nihil
1146 2841 1256 2904 crudele.

283 2940 367 3001 atque
384 2930 478 2980 omnia
498 2925 583 2996 plena
603 2927 780 2992 clementiae,
805 2928 994 2983 huutanitatis·
1029 2931 1157 2993 Quinctil.
1178 2931 1218 2992 10,
1235 2925 1258 2992 2,

281 3017 307 3068 2.
326 3025 409 3085 atque
426 3015 516 3066 cornis
536 3017 613 3067 vitae
632 3019 704 3066 ratio
727 3018 767 3068 sic
786 3028 917 3081 constat,
946 3024 992 3079 ut,
1021 3033 1090 3087 quae
1112 3015 1258 3086 probamus

282 3103 312 3154 in
337 3097 417 3161 aliis,
438 3093 535 3165 facere
558 3100 614 3168 ipsi
634 3097 764 3153 uelimus.
798 3103 829 3150 In
847 3103 900 3152 Cic.
921 3102 977 3151 Cat.
998 3098 1048 3164 14,
1066 3099 1110 3152 50.
1128 3118 1184 3151 non
1208 3107 1259 3151 erat

281 3184 352 3252 quod
367 3183 536 3234 Gernhardus
563 3184 696 3234 dubitaret
713 3184 744 3235 de
764 3187 911 3255 scriptura,
936 3205 1019 3255 neque
1040 3187 1120 3238 rerba
1136 3205 1196 3237 cum
1213 3186 1258 3236 ob-

281 3270 396 3320 iectione
410 3269 560 3320 referuntur
577 3269 611 3319 ad
629 3269 813 3325 adversarium.
850 3272 962 3339 Scripsit
979 3282 1084 3322 auctor:
1112 3283 1199 3341 atque
1217 3286 1259 3324 eos

282 3372 393 3418 omnes,
420 3373 490 3424 quos
517 3359 746 3420 commemoravi,
773 3356 817 3409 tis
835 3357 937 3409 ‘studiis
951 3354 1111 3427 flagrantes
1128 3376 1208 3410 senes
1224 3355 1260 3409 vi·

286 3441 438 3497 dimicant
462 3443 590 3511 praebent
609 3442 723 3494 codices.
758 3443 798 3494 De
818 3442 870 3494 alio
889 3443 943 3494 Cic.
964 3443 1023 3494 loco
1046 3443 1099 3494 vid.
1116 3461 1142 3510 p.
1161 3439 1222 3492 465.

209 3590 217 3618 ,-
298 3544 330 3608 5.
364 3543 623 3609 AC'FORTassE.
665 3540 988 3631 Idpertipetadea,
1011 3545 1152 3631 quacde
1170 3555 1259 3609 aute-

216 3626 433 3714 occupatione
448 3630 601 3693 diximus.
645 3628 788 3695 Difficile
801 3655 898 3720 saepe
913 3632 1043 3697 videtur
1064 3631 1261 3720 distinguere

216 3723 254 3776 ut
262 3710 429 3799 fortasse.
452 3713 541 3779 conf.
557 3715 640 3778 Plin.
655 3717 734 3780 Pan.
749 3723 813 3800 36,
834 3724 866 3782 8.

326 3834 381 3886 Cic.
403 3835 477 3886 Orat.
493 3832 543 3900 40,
564 3833 624 3917 140,
645 3836 687 3889 Ac
698 3833 833 3906 fortasse
847 3841 930 3894 ceteri
954 3841 1102 3894 tectiores=
1124 3855 1179 3910 ego
1197 3855 1259 3891 sem·

281 3935 332 3992 per
349 3940 392 3976 me
409 3919 543 3975 didicisse
557 3937 628 3991 prae·
644 3941 688 3976 me
703 3922 767 3975 tuli.
856 3918 861 3927 ⁴

280 4026 327 4085 ·6.
364 4025 489 4102 ATQVu
513 4043 594 4106 ITA,
629 4042 674 4089 AC
701 4043 752 4089 alc
778 4021 966 4112 saepissime
995 4027 1151 4092 dicuutur
1181 4047 1261 4112 pro-

212 4113 291 4188 pter'
324 4107 569 4195 significationis
605 4113 847 4195 cognationem.
910 4113 1017 4176 Nemo
1055 4112 1260 4200 frequentius
