2618 4770
401 297 443 437 ‘¹
490 299 678 425 sssrovr.
720 329 801 405 auf
949 342 961 363 .
1011 308 1058 319 ”
1114 336 1197 413 tce.

126 501 206 566 liori
221 500 343 567 iudicio
361 496 530 579 adhibito,
557 486 647 561 varia
665 498 698 559 et
714 494 818 559 aliena
836 491 988 582 exempla
1009 487 1180 646 negliffian-

126 599 180 651 ter
195 586 421 672 confundunt,
444 606 504 648 nec
525 582 629 647 multa
654 583 690 645 in
714 581 931 667 scriptoribus
955 593 1081 645 restant

127 673 289 737 vocabula
307 672 506 757 composita,
530 685 613 754 quae
627 667 675 732 illi
693 686 762 730 non
779 665 818 731 ad
845 666 929 730 hanc
953 667 1101 731 formam
1125 689 1180 732 re-

1127 583 1296 659 ina*¹

126 759 255 831 ferant,
279 755 560 844 quemadmodum
579 767 693 839 nuper·
704 752 782 816 fecit
799 754 874 817 Car.
891 753 1020 817 Ludov.
1038 753 1180 818 Rothius
1269 760 1278 770 ”

129 844 292 930 singulari¹
303 844 413 908 libello
430 842 470 904 de
487 834 593 904 Taciti
609 831 815 927 Synonymis
834 837 1035 925 conscripto.
1055 831 1181 904 Exem-

128 931 264 1017 plorum
286 930 385 1017 igitur
406 921 483 991 satis
509 942 628 1012 magna
652 925 746 1010 copie
770 924 835 988 iam
859 927 971 988 notata
995 936 1061 989 est:
1096 935 1180 989 atta·
1233 944 1238 957 “

129 1038 206 1079 men
227 1034 326 1079 nemo
343 1037 394 1078 cas
411 1012 638 1084 conditiones,
663 1011 780 1095 quibus
797 1007 850 1075 hic
867 1024 943 1073 usus
963 1021 1110 1093 constat,
1127 1034 1182 1075 ac-

131 1108 240 1164 curate
262 1101 457 1165 observavit.
502 1097 609 1181 Atque
626 1115 682 1159 eae
698 1096 730 1158 in
752 1093 813 1158 hac
836 1096 950 1181 regula
967 1098 1094 1183 positae
1111 1118 1183 1162 esse

131 1187 294 1253 videntur.
346 1185 496 1268 Nomen,
527 1180 746 1275 flimsttldlffl
776 1178 846 1267 ipsa
876 1178 1009 1263 alterius
1034 1183 1182 1248 nominis
1256 1198 1266 1208 ¹

132 1273 225 1337 notio
236 1266 447 1335 constituitur
456 1260 808 1358 el'lssupllttt'edditurr
826 1264 902 1330 huic
918 1267 1194 1353 inhaeretideoe-

133 1378 197 1444 quc
214 1381 263 1433 cx
285 1357 435 1420 universa
467 1348 709 1415 inhaerentium
738 1351 917 1415 notionum
944 1363 1063 1417 natura
1093 1355 1183 1443 apud
1281 1347 1305 1361 '⁵

132 1446 268 1509 Latinos
285 1442 406 1526 ubique
447 1437 606 1534 raccggliu
629 1435 685 1499 sed
707 1438 753 1500 ita
776 1437 925 1523 positum
949 1458 1079 1526 semper
1101 1465 1202 1518 cona

133 1529 280 1614 iungitur
297 1549 362 1613 pe[
372 1537 422 1611 et,
448 1545 486 1587 re
502 1533 548 1585 uti
576 1523 780 1587 uarietatem
796 1535 829 1586 et
843 1533 1010 1587 naturam
1023 1546 1196 1603 sonorum,

135 1617 249 1680 Cicero
271 1612 355 1676 dixit
370 1631 435 1696 pro
449 1607 611 1674 varietatis
626 1619 762 1690 natura,
786 1609 853 1673 sive
876 1608 964 1673 varia
980 1619 1099 1675 natura
1123 1636 1197 1679 so-.v
1262 1654 1265 1661 κ

132 1723 268 1764 norum.
314 1689 377 1762 Vbi
396 1716 476 1760 vero
492 1693 572 1758 illud
590 1711 733 1778 rapsacis,
752 1695 846 1779 quod
869 1692 1100 1783 secuudarium
1121 1720 1195 1784 ap<

132 1778 345 1874 pellavcrim‚
360 1771 660 1882 ppstprimarium
674 1801 799 1845 nomen
798 1781 953 1878 ponitur
960 1774 1197 1860 ,''t‘0riitinctio.

132 1872 170 1936 fit
190 1891 252 1958 per
266 1881 367 1958 atque
382 1877 414 1932 ct
429 1881 502 1953 que.
546 1865 606 1929 Hic
630 1886 707 1929 usus
730 1865 827 1930 bouis
843 1858 939 1930 ¹'clerte
965 1867 1198 1952 scriptoribus,
1239 1899 1242 1905 ·

136 1949 300 2020 omnibus*
309 1946 494 2017 communis
509 1958 578 2031 cst,
609 1951 743 2037 eiusque
757 1954 841 2016 ratio
867 1974 910 2016 cx
933 1951 1086 2017 universa
1104 1978 1186 2041 par-

135 2043 252 2107 ticulae
275 2050 392 2103 natura
410 2037 506 2102 facilc
536 2037 748 2124 intelligitur:
783 2049 816 2102 et
843 2060 925 2124 quae
943 2035 1032 2124 apud
1055 2040 1216 2129 elegen-1·

134 2139 183 2193 tcs
199 2127 378 2210 scri-tores
407 2118 447 2188 ab
465 2122 528 2188 hac
553 2123 624 2209 lege
654 2122 836 2188 abhorrere
864 2124 1034 2207 videntur,
1062 2149 1185 2192 canon
1229 2148 1239 2159 ·“

134 2217 169 2280 in
203 2236 236 2276 sc
263 2150 388 2290 liabent
407 2209 552 2308 ⁸nomina
577 2207 644 2281 hoc
670 2217 765 2273 'nexu
789 2209 852 2275 sibi
874 2208 1099 2296 inhaerentia,
1128 2210 1187 2286 sed
1264 2273 1268 2278 .

132 2316 283 2366 scorsum
299 2305 460 2384 apposita.

238 2429 346 2486 Tacitus
367 2425 438 2500 quot
457 2426 527 2485 Hiar.
546 2426 578 2498 2,
596 2425 639 2485 70.
661 2425 766 2486 dixerat
788 2428 909 2486 clariore
931 2436 960 2485 et
977 2428 1085 2504 gaudio
1102 2425 1199 2504 defles

207 2531 281 2574 ctare
298 2519 355 2572 via.
377 2518 407 2569 id
424 2519 476 2570 elia
498 2519 603 2572 ratione
623 2518 697 2570 dicit.
712 2516 760 2582 xlt,
777 2515 821 2569 49.
840 2518 947 2589 gaudio
968 2519 1189 2591 clamoribusque

206 2615 304 2660 cuncta
331 2600 492 2657 miscebant.
530 2606 585 2657 uic.
608 2604 640 2656 de
660 2605 724 2687 Lep.
744 2601 775 2665 3,
793 2601 852 2675 16,
876 2602 928 2655 86.
952 2607 1060 2658 utinam
1079 2635 1113 2648 -
1132 2610 1188 2660 isto

205 2693 300 2744 animo
328 2699 411 2757 atque
436 2688 541 2742 uirtute
568 2692 597 2742 in
621 2707 729 2747 summa
753 2687 897 2757 republica
925 2692 1031 2743 versari
1056 2709 1140 2763 quam
1159 2695 1190 2746 in

205 2773 372 2842 municipali
389 2772 560 2828 maluisset:
583 2773 657 2825 bene.
680 2775 842 2826 Goerenzius
870 2775 1075 2844 interpretatur:
1100 2779 1188 2832 animo
1274 2832 1276 2836 ,

204 2871 281 2913 tanta
299 2860 397 2913 virtute
420 2859 553 2928 praedito.
589 2858 694 2912 Sallust.
714 2859 770 2910 Cat.
787 2859 819 2928 S,
840 2856 866 2914 5.
887 2879 930 2912 me
949 2888 984 2900 -
1003 2861 1100 2916 eadem
1118 2883 1190 2937 qaae
1240 2852 1242 2857 Ι
1272 2925 1283 2935 ,

205 2957 310 3001 ceteros
333 2939 420 3016 sama
448 2928 532 3015 atque
549 2939 669 2998 invidia
694 2942 827 2998 vexabat.
864 2942 884 2996 i.
900 2959 923 2997 e.
948 2942 1079 2999 invidiosa
1103 2944 1190 3001 farne:
1240 2950 1243 2955 '

204 3033 252 3083 sed
276 3032 362 3082 Tacit.
389 3035 429 3080 An
465 3030 501 3095 3,
526 3025 569 3080 74.
593 3029 700 3100 gaudio
722 3040 750 3084 et
774 3033 881 3099 impetu
907 3036 1023 3085 victoris
1047 3037 1191 3088 exercitus.
1215 3074 1217 3078 »
1242 3026 1244 3030 ’

204 3118 224 3167 i.
242 3135 264 3168 e.
282 3117 371 3184 gaudii
388 3117 495 3184 impetu.
531 3116 585 3166 Cic.
605 3116 633 3166 iu
654 3111 872 3180 catil.4,t‚2
909 3120 994 3170 vacrri
1017 3123 1117 3173 mortis
1143 3137 1192 3190 pe·

204 3199 292 3253 riculo
312 3212 397 3272 atque
415 3200 534 3255 insidiis.
562 3201 581 3251 i.
597 3220 620 3253 e.
643 3202 736 3252 mortis
755 3201 874 3269 periculo
895 3196 966 3255 inter
991 3200 1096 3256 insidia.
1132 3206 1191 3261 Liv.
1216 3267 1220 3275 ⁵

158 3302 163 3307 ·
205 3287 255 3350 21,
276 3284 310 3350 3,
331 3286 357 3338 1.
383 3289 589 3358 imperatorque
615 3289 722 3358 ingenti
747 3290 871 3339 omnium
896 3286 1016 3342 clamore
1042 3301 1128 3360 atque
1147 3310 1191 3343 as·

207 3389 288 3424 sensu
308 3369 472 3440 appellatus
499 3381 566 3424 erat.
592 3368 641 3436 68,
658 3370 718 3433 -49,
747 3365 773 3421 5.
804 3370 956 3427 detrectare
973 3369 1106 3440 virtutes,
1134 3393 1191 3430 cora
1279 3403 1283 3413 ,

206 3475 333 3526 rumpere
351 3454 470 3522 horrores
488 3476 521 3509 ac
538 3459 665 3528 praemia
686 3474 789 3509 aarum.

241 3570 327 3625 Tacit.
354 3573 422 3628 Hist.
450 3576 482 3641 1,
507 3568 551 3628 69.
581 3589 616 3630 ne
647 3560 922 3648 Vitelliut'quielem
949 3572 1032 3629 minis
1051 3589 1085 3627 ac
1101 3567 1217 3628 rarus*

209 3657 392 3728 temperabat.
411 3680 466 3713 non
483 3658 671 3712 suntminacie
698 3657 794 3727 verba,
822 3662 870 3713 scd
896 3659 998 3721 uerba,
1021 3677 1089 3727 quae
1113 3660 1191 3709 minis

208 3745 400 3812 quodammodo
409 3756 587 3815 opponuntur,
604 3757 665 3798 sunt
679 3743 795 3815 alloquia
804 3744 909 3805 blanda,
926 3756 954 3795 ut
964 3745 1157 3815 apudl’ropert.
1167 3743 1193 3810 1,
1226 3764 1231 3785 ··

122 3865 127 3873 ·
209 3829 258 3892 13,
278 3829 322 3883 32.
356 3830 414 3884 Liv.
432 3832 466 3900 6,
485 3829 578 3898 11,6.
597 3834 732 3885 nisiase
748 3835 827 3901 prius
854 3827 1026 3900 Capitolium
1041 3840 1193 3899 atquearx
1236 3844 1242 3852 ·

209 3927 322 3968 seruata
348 3928 427 3970 esset.
456 3935 510 3969 non
529 3917 626 3969 dicitur
651 3933 700 3985 pro
722 3915 872 3984 Capitolina
896 3932 974 3980 arce,
993 3915 1065 3984 quod
1091 3915 1118 3966 in
1143 3915 1194 3966 hec

209 4000 341 4050 sententia
364 4000 464 4053 nullam
487 4001 540 4053 vim
559 4003 686 4066 haberet,
713 4001 760 4052 aad
778 3986 935 4068 Capitolium
953 4009 1030 4070 atque
1048 4001 1120 4051 urbis
1137 3980 1199 4051 arxi

117 4080 129 4088 ”
209 4085 314 4138 Sallust.
336 4085 392 4140 Cat.
410 4087 444 4151 2,
461 4085 487 4138 2.
507 4085 631 4156 periculo
650 4097 735 4160 atque
751 4086 872 4157 negotiis
893 4097 1065 4157 compertum
1086 4095 1144 4147 est,
1164 4086 1194 4137 in

210 4166 286 4225 bello
311 4171 465 4243 plurimam
487 4171 629 4246 ingenium
651 4187 745 4244 possa.
769 4171 838 4226 male
866 4171 1001 4243 explicant
1027 4168 1195 4246 periculosis

935 4248 945 4279 r
