2618 4770
217 236 230 261 Ι

144 320 208 383 aro
389 262 392 267 ⁵
609 306 741 374 anan.
831 328 834 337 ·

845 400 858 431 l

228 472 261 534 7.
304 468 355 534 De
376 486 414 530 re
435 475 512 529 ante
531 473 601 527 acta
626 464 679 529 vel
702 473 779 528 ante
804 462 931 548 agenda
955 461 1081 553 duplici
1093 466 1168 533 moa

146 557 328 643 loquimur.
362 552 474 615 Primo
492 550 603 636 ipsum
621 559 754 635 tempus
771 548 999 635 antepositum
1013 561 1168 639 spectamus

147 645 213 709 sive
229 663 340 730 perse
361 636 647 716 constituendum,
671 637 739 699 sive
761 656 802 698 ex
819 657 878 710 eo,
910 636 1002 722 qnod
1024 658 1086 701 nos
1102 647 1167 709 teuc·

146 751 234 809 mus,
255 723 416 812 temporis
434 731 558 808 puncto
576 721 856 784 commetiendum
873 721 929 801 ita,
950 720 991 784 ut
1004 729 1076 786 rein
1091 733 1166 790 acan

149 815 190 882 ad
206 814 287 879 illud
302 822 447 895 tempus,
465 828 529 869 una
545 808 683 870 notione
707 807 1002 893 comprehensum,
1020 807 1165 875 transfera-

147 923 238 974 muas,
265 908 297 962 ct
312 897 423 983 ipsum
441 903 573 978 tempus
589 902 758 991 tamquam
782 914 854 956 rem
877 893 1097 979 antepositam
1111 880 1175 959 111·1

149 988 341 1051 sideramus.
386 979 472 1042 Nam
490 998 594 1062 quum
610 977 750 1042 dicimus
767 989 847 1041 ante
863 978 984 1053 lucem,
1007 990 1086 1043 ante
1098 977 1164 1045 tta

149 1073 263 1147 niani,
292 1077 373 1133 aute
398 1063 514 1129 decem
539 1086 667 1144 annos,
691 1063 903 1150 intelligimus
927 1074 1063 1150 tempus
1085 1065 1163 1152 ipsu

150 1167 225 1223 ante
244 1164 395 1221 exortam
411 1151 539 1229 lucem,
568 1160 744 1235 antequam
759 1149 930 1213 biennium
945 1160 981 1251 et³
993 1151 1103 1217 decem
1114 1151 1164 1217 aaa
1200 1158 1203 1195 ἵ

148 1242 304 1308 transacti
322 1239 407 1321 sint,
439 1232 572 1299 definita
596 1236 758 1323 temporis
783 1234 912 1298 duobus
935 1236 1085 1301 terminis
1109 1230 1203 1301 coa-st

54 1384 67 1405 ,
150 1328 233 1393 clusi
257 1325 414 1402 notione,
446 1342 528 1409 quae
556 1320 654 1401 etiam
675 1320 724 1384 rei
750 1323 887 1385 nomine
911 1321 1057 1408 exprimi
1074 1332 1163 1409 potet,

149 1412 251 1479 veluti
274 1421 355 1475 ante
376 1405 520 1471 bellum.-
548 1406 828 1471 transscendimus
854 1429 894 1471 ue
917 1407 960 1470 ad
976 1407 1164 1495 ipsumbuin

149 1499 313 1585 temporis
329 1494 522 1558 temrinum.
567 1492 678 1571 Quare
697 1493 754 1578 qui
776 1492 822 1555 ita
830 1430 1010 1578 loquitur,
1038 1504 1165 1559 remac-

149 1583 343 1651 minandam
358 1577 517 1643 transfert
532 1577 572 1640 ad
591 1577 673 1641 illud
688 1578 914 1664 antepositum
928 1589 1079 1667 tempus,
1098 1580 1184 1667 itqa.

150 1694 227 1735 cum
243 1691 303 1733 suo
327 1681 497 1753 tempore,
529 1664 583 1728 vel
602 1685 678 1727 cum
704 1673 878 1750 tempore,
905 1665 941 1728 in
962 1686 1030 1751 quo
1050 1665 1103 1752 qui
1120 1686 1167 1730 reu

149 1758 273 1824 factam
288 1763 402 1818 narrat
420 1760 582 1830 versatur,
610 1750 794 1837 componit.
843 1750 874 1814 T
878 1767 935 1814 um
961 1772 1043 1814 vero
1067 1750 1121 1819 alia
1137 1758 1186 1815 a·

122 1872 126 1882 ·
149 1844 255 1919 ratio,
269 1861 379 1927 ,quum
397 1838 477 1900 duas
498 1858 550 1900 res
566 1844 651 1899 actas
668 1842 918 1924 comparamus,
948 1856 1122 1923 earumque
1134 1834 1169 1901 di·

150 1929 304 1992 stantiam
328 1923 492 2009 temporis
516 1921 652 1985 nomine
675 1922 894 2008 designamus.
936 1922 1086 2002 Dicimus
1106 1922 1169 1987 enin

151 2015 269 2078 dacem
284 2021 365 2074 ante
382 2008 502 2077 cannis,
524 2007 610 2069 zelun
625 2004 731 2070 Jalzre
746 2008 883 2088 corlaer,
908 2018 947 2071 ut
963 2010 1120 2077 sententia
1129 2009 1168 2072 sit:

62 2112 78 2139 '·
152 2100 267 2163 decem
289 2096 382 2159 annis
408 2104 582 2176 antequam
613 2091 695 2154 illud
719 2092 846 2156 lactum
869 2103 934 2156 est:
966 2095 1093 2181 paucis
1114 2103 1170 2159 autc

152 2183 270 2248 diebus
294 2183 315 2244 i.
334 2203 362 2243 e.
383 2177 495 2265 paucis
512 2175 625 2240 diebus
645 2187 720 2242 ante
735 2178 826 2241 haec.
858 2176 986 2258 'Quum
1011 2180 1113 2267 priori
1132 2177 1171 2242 illa

152 2270 297 2336 dictione
312 2276 400 2343 utor,
424 2274 538 2326 versor
552 2262 587 2324 in
602 2263 677 2361 ipso
693 2273 857 2412 tempore,
876 2265 968 2328 nutius
989 2275 1113 2329 certum
1123 2274 1170 2327 tar·

151 2355 395 2419 minumtcneo
414 2349 663 2496 inpraesentia:
687 2371 749 2436 per
795 2373 854 2415 ano
878 2350 1017 2415 alteram
1039 2373 1111 2415 com
1131 2368 1170 2412 arc

153 2440 233 2503 duras
248 2459 300 2500 res
315 2437 495 2521 temporai
515 2434 664 2516 ratione,
688 2455 788 2521 quam
813 2436 921 2500 Latini
945 2446 977 2500 et
999 2458 1062 2523 per
1082 2372 1172 2500 ablati·

150 2547 230 2590 vum
269 2531 301 2585 et
336 2542 398 2606 per
435 2520 654 2585 accusativum
695 2522 903 2608 exprimunt,
953 2521 1051 2586 sicuti
1085 2521 1172 2585 dicunt

152 2608 276 2675 abhinc
299 2605 415 2669 decem
440 2605 541 2669 annis
566 2617 598 2669 et
621 2604 744 2670 abdiae
767 2606 883 2670 decem
907 2630 1029 2672 annos.
1078 2604 1172 2671 ln-illa

151 2707 234 2761 ante
251 2703 300 2755 est
322 2692 546 2777 praepositio,
575 2692 611 2755 in
633 2692 694 2755 hac
718 2691 928 2758 adverbium:
957 2706 1038 2757 n'am
1058 2690 1173 2781 elliptica

151 2782 219 2845 sive
234 2779 378 2842 breviata
396 2787 445 2840 est
461 2777 619 2840 orationis
639 2777 761 2841 forma.
804 2781 912 2864 Atque
930 2799 1026 2854 euin,
1048 2778 1104 2865 qui
1116 2796 1172 2841 nar·
1196 2838 1200 2847 ,

149 2876 219 2946 rat,
241 2864 298 2926 ubi
315 2864 353 2925 ad
372 2883 468 2926 suum
486 2872 617 2946 tempus
633 2861 734 2927 refert
752 2863 895 2949 aliquam
910 2885 982 2927 rem
1000 2858 1173 2945 actam‚·di·
1203 2888 1206 2941 ς

150 2973 224 3015 cere
248 2959 383 3035 oportet
408 2959 488 3011 ante
512 2947 641 3033 aliquot
669 2948 758 3030 dies,
799 2972 865 3013 vor
889 2950 1031 3038 einigen
1064 2949 1171 3037 Tagen·
1204 2950 1206 2987 ³

150 3037 217 3100 Sed
231 3033 287 3096 ubi
304 3056 375 3096 rem
396 3034 538 3118 aliquam
563 3033 602 3095 ad
633 3033 766 3099 alteram
789 3056 861 3103 rem
881 3038 1033 3122 priorem
1057 3033 1172 3111 confert,

150 3121 281 3206 aliquot
300 3117 416 3181 diebus
431 3129 523 3181 ante.
570 3119 680 3197 Quare
694 3119 767 3192 illa,
793 3142 875 3204 quae
892 3122 1044 3186 Bromius
1061 3122 1099 3186 ad
1108 3120 1171 3184 Cor·

149 3206 216 3271 nel.
235 3205 308 3267 Dat.
328 3209 378 3268 11.
403 3202 566 3267 subtiliter
588 3205 834 3286 animadvertit,
870 3205 1012 3292 plurima
1038 3229 1081 3272 ex
1100 3194 1194 3292 paltl

148 3314 225 3357 vera
248 3299 341 3369 sunt,
372 3310 477 3373 neque
508 3312 544 3352 ca
568 3290 718 3376 exempla
745 3291 894 3368 obstant,
925 3313 1009 3376 quae
1035 3286 1171 3355 contratit

149 3400 219 3455 esse
248 3373 450 3437 Schmidtius
479 3375 671 3461 nuperrime
692 3376 728 3439 in
748 3375 962 3463 Ephcmerid.
986 3377 1116 3442 Halous.
1135 3392 1187 3457 att·-

150 3466 244 3527 1826.
265 3482 300 3523 n.
317 3463 393 3523 259.
419 3461 711 3525 commemoravit:
744 3471 823 3525 sunt
846 3463 934 3526 enim
959 3486 995 3527 ea
1022 3462 1130 3528 omnia
1145 3456 1171 3521 de

147 3558 302 3634 tempore
317 3546 391 3631 ipso
412 3545 507 3608 dicta.
551 3543 637 3608 lllnd
661 3568 739 3610 vero
763 3557 838 3611 ante
865 3549 977 3613 omnia
1000 3546 1170 3636 ponendum

149 3643 216 3696 erat
232 3645 401 3714 tamquam
419 3630 617 3714 quaestionis
639 3631 859 3718 principium,
893 3634 947 3698 ubi
961 3634 1001 3698 dc
1018 3630 1092 3722 ipso
1105 3645 1171 3697 ten·

147 3739 233 3803 pore
249 3726 382 3800 agatur,
411 3716 511 3800 idque
526 3717 660 3779 notione
677 3738 741 3779 una
760 3729 790 3780 ot
808 3718 955 3782 absoluta
970 3718 1170 3821 comprehen-

138 3803 266 3881 datur,
290 3801 333 3865 ob
352 3823 423 3864 cam
441 3822 606 3880 caussam,
633 3824 733 3885 (quiam
750 3804 906 3888 exposui,
934 3805 1033 3869 ctiam
1049 3829 1083 3871 in
1097 3804 1169 3871 retus

145 3889 330 3974 praeteritis
346 3907 443 3949 usum
459 3887 714 3969 praepositionis
735 3889 891 3963 concedi,
908 3911 1014 3974 neque
1031 3889 1174 3955 discedere

147 3973 187 4037 ab
206 3974 356 4035 universa
379 3971 506 4034 ratione
530 3970 689 4034 Velleium
711 3977 751 4052 2,
775 3979 853 4054 112,
879 3978 910 4037 7.
933 3975 996 4037 lucc
1014 3997 1091 4039 vero
1105 3987 1173 4039 tem·

111 4042 116 4099 l
139 4058 411 4143 pcreAgrzppa,
429 4056 486 4142 qui
501 4056 618 4118 eodem
631 4056 706 4136 alie,
731 4081 794 4144 qno
808 4058 982 4138 Tiberius,
1005 4059 1173 4148 arloptatut

145 4140 189 4209 ad
205 4165 268 4206 aaa
286 4164 346 4207 auo
361 4141 519 4207 natatrali
541 4140 599 4207 aie
622 4155 655 4209 et
672 4142 747 4210 iam
770 4156 852 4213 cate
871 4142 1058 4232 biennium,
1081 4141 1175 4236 qualit

15 4236 300 4339 41111111.
322 4249 343 4337 t
364 4242 713 4407 tatastat,
769 4274 806 4325 z-
