<?xml version="1.0" encoding="UTF-8"?>
<!DOCTYPE html PUBLIC "-//W3C//DTD XHTML 1.0 Transitional//EN"
    "http://www.w3.org/TR/xhtml1/DTD/xhtml1-transitional.dtd">
<html xmlns="http://www.w3.org/1999/xhtml" xml:lang="en" lang="en">
 <head>
  <title>
</title>
<meta http-equiv="Content-Type" content="text/html;charset=utf-8" />
  <meta name='ocr-system' content='tesseract 3.04.00' />
  <meta name='ocr-capabilities' content='ocr_page ocr_carea ocr_par ocr_line ocrx_word'/>
</head>
<body>
  <div class='ocr_page' id='page_1' title='image "./tursellinusseud03handgoog_0536.png"; bbox 0 0 2618 4770; ppageno 0'>
   <div class='ocr_carea' id='block_1_1' title="bbox 525 335 1166 441">
    <p class='ocr_par' dir='ltr' id='par_1_1' title="bbox 525 335 1166 441">
     <span class='ocr_line' id='line_1_1' title="bbox 525 335 1166 441; baseline -0.009 -36"><span class='ocrx_word' id='word_1_1' title='bbox 525 337 715 441; x_wconf 29' lang='lat' dir='ltr'><strong><em>,qn&#39;sQvt</em></strong></span> <span class='ocrx_word' id='word_1_2' title='bbox 1104 335 1166 400; x_wconf 81' lang='grc'><strong>621</strong></span> 
     </span>
    </p>
   </div>
   <div class='ocr_carea' id='block_1_2' title="bbox 124 476 1249 1079">
    <p class='ocr_par' dir='ltr' id='par_1_2' title="bbox 167 476 1168 566">
     <span class='ocr_line' id='line_1_2' title="bbox 167 476 1168 566; baseline 0.003 -17"><span class='ocrx_word' id='word_1_3' title='bbox 167 476 241 551; x_wconf 62' lang='lat' dir='ltr'><strong><em>¹³est.</em></strong></span> <span class='ocrx_word' id='word_1_4' title='bbox 260 487 361 553; x_wconf 50' lang='lat' dir='ltr'><strong><em>&#39;&#39;Plunt</em></strong></span> <span class='ocrx_word' id='word_1_5' title='bbox 385 484 531 559; x_wconf 62' lang='lat' dir='ltr'><strong><em>Bacihjls,</em></strong></span> <span class='ocrx_word' id='word_1_6' title='bbox 548 490 583 557; x_wconf 85' lang='grc'><strong>7,</strong></span> <span class='ocrx_word' id='word_1_7' title='bbox 601 492 643 546; x_wconf 74' lang='lat'><strong><em>26.</em></strong></span> <span class='ocrx_word' id='word_1_8' title='bbox 671 510 820 565; x_wconf 82' lang='lat' dir='ltr'><em>numquam</em></span> <span class='ocrx_word' id='word_1_9' title='bbox 843 491 954 566; x_wconf 76' lang='lat' dir='ltr'><strong><em>auferes</em></strong></span> <span class='ocrx_word' id='word_1_10' title='bbox 977 495 1040 551; x_wconf 85' lang='lat' dir='ltr'><strong><em>binc</em></strong></span> <span class='ocrx_word' id='word_1_11' title='bbox 1060 517 1168 556; x_wconf 88' lang='lat' dir='ltr'><strong><em>aurum.</em></strong></span> 
     </span>
    </p>

    <p class='ocr_par' dir='ltr' id='par_1_3' title="bbox 124 560 1249 1079">
     <span class='ocr_line' id='line_1_3' title="bbox 124 560 1169 654; baseline 0.002 -20"><span class='ocrx_word' id='word_1_12' title='bbox 124 611 132 619; x_wconf 63' lang='grc'><strong>«</strong></span> <span class='ocrx_word' id='word_1_13' title='bbox 190 586 237 634; x_wconf 84' lang='lat' dir='ltr'><strong><em>Cu.</em></strong></span> <span class='ocrx_word' id='word_1_14' title='bbox 256 584 335 654; x_wconf 85' lang='lat' dir='ltr'><strong><em>atqui</em></strong></span> <span class='ocrx_word' id='word_1_15' title='bbox 352 583 408 633; x_wconf 89' lang='lat' dir='ltr'><strong><em>iam</em></strong></span> <span class='ocrx_word' id='word_1_16' title='bbox 429 579 519 634; x_wconf 84' lang='lat' dir='ltr'><strong><em>dabis.</em></strong></span> <span class='ocrx_word' id='word_1_17' title='bbox 553 581 647 631; x_wconf 79' lang='lat' dir='ltr'><strong><em>Horat.</em></strong></span> <span class='ocrx_word' id='word_1_18' title='bbox 669 582 722 630; x_wconf 80' lang='lat' dir='ltr'><strong><em>Sat.</em></strong></span> <span class='ocrx_word' id='word_1_19' title='bbox 744 580 774 641; x_wconf 91' lang='lat'><strong><em>1,</em></strong></span> <span class='ocrx_word' id='word_1_20' title='bbox 794 580 828 644; x_wconf 85' lang='lat'><strong><em>9,</em></strong></span> <span class='ocrx_word' id='word_1_21' title='bbox 850 580 891 633; x_wconf 75' lang='lat'><strong><em>52.</em></strong></span> <span class='ocrx_word' id='word_1_22' title='bbox 912 560 1043 652; x_wconf 81' lang='lat' dir='ltr'><strong><em>magrium</em></strong></span> <span class='ocrx_word' id='word_1_23' title='bbox 1060 598 1169 649; x_wconf 74' lang='lat' dir='ltr'><strong><em>narras,</em></strong></span> 
     </span>
     <span class='ocr_line' id='line_1_4' title="bbox 189 657 1170 738; baseline 0.003 -17"><span class='ocrx_word' id='word_1_24' title='bbox 189 671 240 722; x_wconf 72' lang='lat' dir='ltr'><strong><em>vix</em></strong></span> <span class='ocrx_word' id='word_1_25' title='bbox 260 657 399 723; x_wconf 64' lang='lat' dir='ltr'><strong><em>bettone.</em></strong></span> <span class='ocrx_word' id='word_1_26' title='bbox 434 666 523 738; x_wconf 71' lang='lat' dir='ltr'><strong><em>Aequi</em></strong></span> <span class='ocrx_word' id='word_1_27' title='bbox 550 668 590 717; x_wconf 74' lang='lat' dir='ltr'><strong><em>sn</em></strong></span> <span class='ocrx_word' id='word_1_28' title='bbox 615 660 707 718; x_wconf 66' lang='lat' dir='ltr'><strong><em>neoc.</em></strong></span> <span class='ocrx_word' id='word_1_29' title='bbox 743 665 799 718; x_wconf 69' lang='lat' dir='ltr'><strong><em>cic.</em></strong></span> <span class='ocrx_word' id='word_1_30' title='bbox 826 668 905 718; x_wconf 64' lang='lat' dir='ltr'><strong><em>rese.</em></strong></span> <span class='ocrx_word' id='word_1_31' title='bbox 925 669 957 733; x_wconf 79' lang='lat' dir='ltr'><strong><em>c,</em></strong></span> <span class='ocrx_word' id='word_1_32' title='bbox 977 667 1028 735; x_wconf 78' lang='lat' dir='ltr'><strong><em>so,</em></strong></span> <span class='ocrx_word' id='word_1_33' title='bbox 1049 669 1107 722; x_wconf 72' lang='lat'><strong><em>114.</em></strong></span> <span class='ocrx_word' id='word_1_34' title='bbox 1123 690 1170 726; x_wconf 67' lang='lat' dir='ltr'><strong><em>vr·</em></strong></span> 
     </span>
     <span class='ocr_line' id='line_1_5' title="bbox 189 746 1170 827; baseline -0.004 -22"><span class='ocrx_word' id='word_1_35' title='bbox 189 771 260 817; x_wconf 85' lang='lat' dir='ltr'><strong><em>reor,</em></strong></span> <span class='ocrx_word' id='word_1_36' title='bbox 278 773 312 808; x_wconf 91' lang='lat' dir='ltr'><strong><em>ne</em></strong></span> <span class='ocrx_word' id='word_1_37' title='bbox 329 752 541 824; x_wconf 75' lang='lat' dir='ltr'><strong><em>subarrogaater</em></strong></span> <span class='ocrx_word' id='word_1_38' title='bbox 552 746 662 820; x_wconf 78' lang='lat' dir='ltr'><strong><em>facias,</em></strong></span> <span class='ocrx_word' id='word_1_39' title='bbox 681 751 706 803; x_wconf 90' lang='lat' dir='ltr'><strong><em>si</em></strong></span> <span class='ocrx_word' id='word_1_40' title='bbox 720 748 825 804; x_wconf 76' lang='lat' dir='ltr'><strong><em>dixeris</em></strong></span> <span class='ocrx_word' id='word_1_41' title='bbox 844 761 929 804; x_wconf 88' lang='lat' dir='ltr'><strong><em>tuam.</em></strong></span> <span class='ocrx_word' id='word_1_42' title='bbox 957 755 1047 827; x_wconf 82' lang='lat' dir='ltr'><strong><em>Atqui</em></strong></span> <span class='ocrx_word' id='word_1_43' title='bbox 1068 759 1109 810; x_wconf 89' lang='lat' dir='ltr'><strong><em>ita</em></strong></span> <span class='ocrx_word' id='word_1_44' title='bbox 1128 755 1170 812; x_wconf 75' lang='lat' dir='ltr'><strong><em>eli.</em></strong></span> 
     </span>
     <span class='ocr_line' id='line_1_6' title="bbox 190 830 1249 901; baseline 0.004 -11"><span class='ocrx_word' id='word_1_45' title='bbox 190 855 238 890; x_wconf 91' lang='lat' dir='ltr'><strong><em>cas</em></strong></span> <span class='ocrx_word' id='word_1_46' title='bbox 254 857 362 892; x_wconf 85' lang='lat' dir='ltr'><strong><em>necesse</em></strong></span> <span class='ocrx_word' id='word_1_47' title='bbox 382 850 431 892; x_wconf 83' lang='lat' dir='ltr'><strong><em>est.</em></strong></span> <span class='ocrx_word' id='word_1_48' title='bbox 465 839 537 889; x_wconf 86' lang='lat' dir='ltr'><strong><em>Gurt.</em></strong></span> <span class='ocrx_word' id='word_1_49' title='bbox 556 835 589 900; x_wconf 89' lang='lat'><strong><em>6,</em></strong></span> <span class='ocrx_word' id='word_1_50' title='bbox 609 838 657 901; x_wconf 89' lang='lat'><strong><em>10,</em></strong></span> <span class='ocrx_word' id='word_1_51' title='bbox 675 833 701 885; x_wconf 82' lang='grc'><strong><em>5.</em></strong></span> <span class='ocrx_word' id='word_1_52' title='bbox 720 835 755 889; x_wconf 87' lang='lat' dir='ltr'><strong><em>de</em></strong></span> <span class='ocrx_word' id='word_1_53' title='bbox 772 855 815 890; x_wconf 85' lang='lat' dir='ltr'><strong><em>me</em></strong></span> <span class='ocrx_word' id='word_1_54' title='bbox 834 835 1109 899; x_wconf 73' lang='lat' dir='ltr'><strong><em>Nicomachusnilril</em></strong></span> <span class='ocrx_word' id='word_1_55' title='bbox 1128 830 1198 897; x_wconf 52' lang='lat' dir='ltr'><strong><em>dis</em></strong></span> <span class='ocrx_word' id='word_1_56' title='bbox 1245 846 1249 871; x_wconf 86' lang='lat'><strong>¹</strong></span> 
     </span>
     <span class='ocr_line' id='line_1_7' title="bbox 192 917 1249 999; baseline 0.002 -23"><span class='ocrx_word' id='word_1_57' title='bbox 192 927 256 977; x_wconf 80' lang='lat' dir='ltr'><strong><em>xits</em></strong></span> <span class='ocrx_word' id='word_1_58' title='bbox 279 921 426 979; x_wconf 83' lang='lat' dir='ltr'><strong><em>Cebalinus</em></strong></span> <span class='ocrx_word' id='word_1_59' title='bbox 441 924 520 996; x_wconf 82' lang='lat' dir='ltr'><strong><em>plus,</em></strong></span> <span class='ocrx_word' id='word_1_60' title='bbox 535 940 618 994; x_wconf 88' lang='lat' dir='ltr'><strong><em>quam</em></strong></span> <span class='ocrx_word' id='word_1_61' title='bbox 635 919 771 985; x_wconf 78' lang='lat' dir='ltr'><strong><em>audierat,</em></strong></span> <span class='ocrx_word' id='word_1_62' title='bbox 787 925 855 976; x_wconf 81' lang='lat' dir='ltr'><strong><em>scire</em></strong></span> <span class='ocrx_word' id='word_1_63' title='bbox 872 942 929 977; x_wconf 91' lang='lat' dir='ltr'><strong><em>non</em></strong></span> <span class='ocrx_word' id='word_1_64' title='bbox 946 917 1049 997; x_wconf 81' lang='lat' dir='ltr'><strong><em>potuit.</em></strong></span> <span class='ocrx_word' id='word_1_65' title='bbox 1083 929 1172 999; x_wconf 79' lang='lat' dir='ltr'><strong><em>Atqui</em></strong></span> <span class='ocrx_word' id='word_1_66' title='bbox 1245 964 1249 969; x_wconf 74' lang='lat'><strong>·</strong></span> 
     </span>
     <span class='ocr_line' id='line_1_8' title="bbox 192 1002 789 1079; baseline -0.008 -18"><span class='ocrx_word' id='word_1_67' title='bbox 192 1011 394 1065; x_wconf 85' lang='lat' dir='ltr'><strong><em>coniurationis</em></strong></span> <span class='ocrx_word' id='word_1_68' title='bbox 416 1019 501 1079; x_wconf 86' lang='lat' dir='ltr'><strong><em>caput</em></strong></span> <span class='ocrx_word' id='word_1_69' title='bbox 513 1002 611 1076; x_wconf 80' lang='lat' dir='ltr'><strong><em>fuisse</em></strong></span> <span class='ocrx_word' id='word_1_70' title='bbox 629 1005 716 1062; x_wconf 85' lang='lat' dir='ltr'><strong><em>credit</em></strong></span> <span class='ocrx_word' id='word_1_71' title='bbox 733 1024 789 1061; x_wconf 79' lang='lat' dir='ltr'><strong><em>rex.</em></strong></span> 
     </span>
    </p>
   </div>
   <div class='ocr_carea' id='block_1_3' title="bbox 139 1124 1246 1957">
    <p class='ocr_par' dir='ltr' id='par_1_4' title="bbox 139 1124 1246 1957">
     <span class='ocr_line' id='line_1_9' title="bbox 227 1124 1173 1197; baseline 0.006 -17"><span class='ocrx_word' id='word_1_72' title='bbox 227 1128 281 1184; x_wconf 86' lang='lat' dir='ltr'><strong><em>Cic.</em></strong></span> <span class='ocrx_word' id='word_1_73' title='bbox 299 1132 331 1183; x_wconf 86' lang='lat' dir='ltr'><strong><em>de</em></strong></span> <span class='ocrx_word' id='word_1_74' title='bbox 349 1132 413 1182; x_wconf 72' lang='lat' dir='ltr'><strong><em>Nat,</em></strong></span> <span class='ocrx_word' id='word_1_75' title='bbox 429 1129 455 1181; x_wconf 89' lang='lat' dir='ltr'><strong><em>d.</em></strong></span> <span class='ocrx_word' id='word_1_76' title='bbox 473 1127 510 1194; x_wconf 80' lang='lat'><strong><em>3,</em></strong></span> <span class='ocrx_word' id='word_1_77' title='bbox 528 1125 579 1190; x_wconf 88' lang='grc'><strong><em>19,</em></strong></span> <span class='ocrx_word' id='word_1_78' title='bbox 594 1124 636 1178; x_wconf 78' lang='lat'><strong><em>49.</em></strong></span> <span class='ocrx_word' id='word_1_79' title='bbox 655 1124 731 1196; x_wconf 81' lang='lat' dir='ltr'><strong><em>quod</em></strong></span> <span class='ocrx_word' id='word_1_80' title='bbox 759 1129 785 1179; x_wconf 89' lang='lat' dir='ltr'><strong><em>si</em></strong></span> <span class='ocrx_word' id='word_1_81' title='bbox 807 1126 954 1195; x_wconf 71' lang='lat' dir='ltr'><strong><em>probabile</em></strong></span> <span class='ocrx_word' id='word_1_82' title='bbox 976 1149 1031 1184; x_wconf 85' lang='lat' dir='ltr'><strong><em>nou</em></strong></span> <span class='ocrx_word' id='word_1_83' title='bbox 1055 1140 1115 1197; x_wconf 81' lang='lat' dir='ltr'><strong><em>est,</em></strong></span> <span class='ocrx_word' id='word_1_84' title='bbox 1138 1152 1173 1187; x_wconf 87' lang='lat' dir='ltr'><strong><em>nc</em></strong></span> 
     </span>
     <span class='ocr_line' id='line_1_10' title="bbox 186 1207 1246 1287; baseline 0.001 -18"><span class='ocrx_word' id='word_1_85' title='bbox 186 1214 247 1270; x_wconf 87' lang='lat' dir='ltr'><strong><em>&#39;illa</em></strong></span> <span class='ocrx_word' id='word_1_86' title='bbox 271 1215 382 1286; x_wconf 82' lang='lat' dir='ltr'><strong><em>quidem</em></strong></span> <span class='ocrx_word' id='word_1_87' title='bbox 400 1217 563 1284; x_wconf 81' lang='lat' dir='ltr'><strong><em>superiora,</em></strong></span> <span class='ocrx_word' id='word_1_88' title='bbox 585 1209 657 1264; x_wconf 77' lang='lat' dir='ltr'><strong><em>uncle</em></strong></span> <span class='ocrx_word' id='word_1_89' title='bbox 675 1207 743 1264; x_wconf 84' lang='lat' dir='ltr'><strong><em>baec</em></strong></span> <span class='ocrx_word' id='word_1_90' title='bbox 766 1226 899 1278; x_wconf 85' lang='lat' dir='ltr'><strong><em>manant,</em></strong></span> <span class='ocrx_word' id='word_1_91' title='bbox 925 1214 1073 1287; x_wconf 84' lang='lat' dir='ltr'><strong><em>probanda</em></strong></span> <span class='ocrx_word' id='word_1_92' title='bbox 1096 1229 1171 1272; x_wconf 82' lang='lat' dir='ltr'><strong><em>sunt.</em></strong></span> <span class='ocrx_word' id='word_1_93' title='bbox 1217 1211 1222 1220; x_wconf 75' lang='grc'><em>’</em></span> <span class='ocrx_word' id='word_1_94' title='bbox 1243 1277 1246 1280; x_wconf 39' lang='lat'>‚</span> 
     </span>
     <span class='ocr_line' id='line_1_11' title="bbox 191 1282 1172 1373; baseline 0.001 -17"><span class='ocrx_word' id='word_1_95' title='bbox 191 1303 282 1371; x_wconf 87' lang='lat' dir='ltr'><strong><em>Atqui</em></strong></span> <span class='ocrx_word' id='word_1_96' title='bbox 299 1305 329 1355; x_wconf 87' lang='lat' dir='ltr'><strong><em>in</em></strong></span> <span class='ocrx_word' id='word_1_97' title='bbox 348 1300 488 1373; x_wconf 82' lang='lat' dir='ltr'><strong><em>plerisque</em></strong></span> <span class='ocrx_word' id='word_1_98' title='bbox 509 1292 669 1353; x_wconf 60' lang='lat' dir='ltr'><strong><em>civiiatibus</em></strong></span> <span class='ocrx_word' id='word_1_99' title='bbox 687 1296 810 1367; x_wconf 83' lang='lat' dir='ltr'><strong><em>intelligi</em></strong></span> <span class='ocrx_word' id='word_1_100' title='bbox 835 1310 938 1366; x_wconf 85' lang='lat' dir='ltr'><strong><em>potest,</em></strong></span> <span class='ocrx_word' id='word_1_101' title='bbox 956 1301 1102 1373; x_wconf 80' lang='lat' dir='ltr'><strong><em>augendae</em></strong></span> <span class='ocrx_word' id='word_1_102' title='bbox 1118 1282 1172 1357; x_wconf 81' lang='lat' dir='ltr'><strong><em>vir·</em></strong></span> 
     </span>
     <span class='ocr_line' id='line_1_12' title="bbox 193 1379 1175 1460; baseline -0.001 -22"><span class='ocrx_word' id='word_1_103' title='bbox 193 1389 263 1439; x_wconf 85' lang='lat' dir='ltr'><strong><em>tutis</em></strong></span> <span class='ocrx_word' id='word_1_104' title='bbox 289 1389 400 1460; x_wconf 80' lang='lat' dir='ltr'><strong><em>gratia,</em></strong></span> <span class='ocrx_word' id='word_1_105' title='bbox 437 1401 489 1454; x_wconf 89' lang='lat' dir='ltr'><strong><em>quc</em></strong></span> <span class='ocrx_word' id='word_1_106' title='bbox 515 1381 649 1436; x_wconf 81' lang='lat' dir='ltr'><strong><em>libentius</em></strong></span> <span class='ocrx_word' id='word_1_107' title='bbox 674 1385 715 1434; x_wconf 82' lang='lat' dir='ltr'><strong><em>rai</em></strong></span> <span class='ocrx_word' id='word_1_108' title='bbox 742 1379 872 1452; x_wconf 79' lang='lat' dir='ltr'><strong><em>publicae</em></strong></span> <span class='ocrx_word' id='word_1_109' title='bbox 900 1403 998 1437; x_wconf 82' lang='lat' dir='ltr'><strong><em>caussa</em></strong></span> <span class='ocrx_word' id='word_1_110' title='bbox 1019 1387 1175 1457; x_wconf 74' lang='lat' dir='ltr'><strong><em>periculum</em></strong></span> 
     </span>
     <span class='ocr_line' id='line_1_13' title="bbox 194 1462 1176 1542; baseline 0.004 -18"><span class='ocrx_word' id='word_1_111' title='bbox 194 1472 286 1525; x_wconf 83' lang='lat' dir='ltr'><strong><em>adiret</em></strong></span> <span class='ocrx_word' id='word_1_112' title='bbox 307 1475 431 1542; x_wconf 84' lang='lat' dir='ltr'><strong><em>optimus</em></strong></span> <span class='ocrx_word' id='word_1_113' title='bbox 448 1470 576 1540; x_wconf 79' lang='lat' dir='ltr'><strong><em>quisque,</em></strong></span> <span class='ocrx_word' id='word_1_114' title='bbox 600 1472 725 1522; x_wconf 87' lang='lat' dir='ltr'><strong><em>uirorum</em></strong></span> <span class='ocrx_word' id='word_1_115' title='bbox 745 1462 868 1535; x_wconf 74' lang='lat' dir='ltr'><strong><em>fortium</em></strong></span> <span class='ocrx_word' id='word_1_116' title='bbox 892 1473 1051 1523; x_wconf 79' lang='lat' dir='ltr'><strong><em>uramcriam</em></strong></span> <span class='ocrx_word' id='word_1_117' title='bbox 1071 1471 1176 1529; x_wconf 83' lang='lat' dir='ltr'><strong><em>bonore</em></strong></span> 
     </span>
     <span class='ocr_line' id='line_1_14' title="bbox 195 1554 1178 1629; baseline 0.003 -19"><span class='ocrx_word' id='word_1_118' title='bbox 195 1557 309 1611; x_wconf 83' lang='lat' dir='ltr'><strong><em>deorum</em></strong></span> <span class='ocrx_word' id='word_1_119' title='bbox 343 1554 543 1611; x_wconf 79' lang='lat' dir='ltr'><strong><em>immortalium</em></strong></span> <span class='ocrx_word' id='word_1_120' title='bbox 569 1563 765 1608; x_wconf 80' lang='lat' dir='ltr'><strong><em>consecratam.</em></strong></span> <span class='ocrx_word' id='word_1_121' title='bbox 792 1570 857 1620; x_wconf 85' lang='lat' dir='ltr'><strong><em>qnue</em></strong></span> <span class='ocrx_word' id='word_1_122' title='bbox 890 1554 1070 1629; x_wconf 32' lang='lat' dir='ltr'><strong><em>Heindorfius.</em></strong></span> <span class='ocrx_word' id='word_1_123' title='bbox 1085 1560 1178 1613; x_wconf 83' lang='lat' dir='ltr'><strong><em>debuit</em></strong></span> 
     </span>
     <span class='ocr_line' id='line_1_15' title="bbox 194 1634 1173 1712; baseline 0 -17"><span class='ocrx_word' id='word_1_124' title='bbox 194 1645 343 1712; x_wconf 79' lang='lat' dir='ltr'><strong><em>explicare,</em></strong></span> <span class='ocrx_word' id='word_1_125' title='bbox 360 1660 415 1694; x_wconf 90' lang='lat' dir='ltr'><strong><em>non</em></strong></span> <span class='ocrx_word' id='word_1_126' title='bbox 432 1634 542 1694; x_wconf 77' lang='lat' dir='ltr'><strong><em>mutare.</em></strong></span> <span class='ocrx_word' id='word_1_127' title='bbox 579 1641 667 1709; x_wconf 81' lang='lat' dir='ltr'><strong><em>Atqui</em></strong></span> <span class='ocrx_word' id='word_1_128' title='bbox 683 1648 724 1690; x_wconf 85' lang='lat' dir='ltr'><strong><em>est</em></strong></span> <span class='ocrx_word' id='word_1_129' title='bbox 747 1649 774 1688; x_wconf 88' lang='lat' dir='ltr'><strong><em>at</em></strong></span> <span class='ocrx_word' id='word_1_130' title='bbox 798 1649 903 1701; x_wconf 83' lang='lat' dir='ltr'><strong><em>tamen,</em></strong></span> <span class='ocrx_word' id='word_1_131' title='bbox 926 1637 1087 1710; x_wconf 83' lang='lat' dir='ltr'><strong><em>gleicbwol.</em></strong></span> <span class='ocrx_word' id='word_1_132' title='bbox 1120 1645 1173 1695; x_wconf 82' lang='lat' dir='ltr'><strong><em>vicl.</em></strong></span> 
     </span>
     <span class='ocr_line' id='line_1_16' title="bbox 139 1718 1176 1797; baseline 0.002 -19"><span class='ocrx_word' id='word_1_133' title='bbox 139 1741 141 1745; x_wconf 84' lang='lat'>&#39;</span> <span class='ocrx_word' id='word_1_134' title='bbox 191 1728 230 1778; x_wconf 55' lang='lat' dir='ltr'><strong><em>&lt;nd</em></strong></span> <span class='ocrx_word' id='word_1_135' title='bbox 246 1718 393 1797; x_wconf 83' lang='lat' dir='ltr'><strong><em>Wopkens.</em></strong></span> <span class='ocrx_word' id='word_1_136' title='bbox 410 1730 484 1780; x_wconf 83' lang='lat' dir='ltr'><strong><em>Lect.</em></strong></span> <span class='ocrx_word' id='word_1_137' title='bbox 504 1727 573 1778; x_wconf 87' lang='lat' dir='ltr'><strong><em>Tull.</em></strong></span> <span class='ocrx_word' id='word_1_138' title='bbox 592 1745 618 1794; x_wconf 84' lang='lat' dir='ltr'><strong><em>p.</em></strong></span> <span class='ocrx_word' id='word_1_139' title='bbox 637 1724 698 1778; x_wconf 73' lang='lat'><strong>302.</strong></span> <span class='ocrx_word' id='word_1_140' title='bbox 720 1722 844 1775; x_wconf 78' lang='lat' dir='ltr'><strong><em>Prudens.</em></strong></span> <span class='ocrx_word' id='word_1_141' title='bbox 862 1725 978 1779; x_wconf 79' lang='lat' dir='ltr'><strong><em>cathem.</em></strong></span> <span class='ocrx_word' id='word_1_142' title='bbox 997 1745 1115 1794; x_wconf 89' lang='lat' dir='ltr'><strong><em>prooem.</em></strong></span> <span class='ocrx_word' id='word_1_143' title='bbox 1132 1727 1176 1782; x_wconf 82' lang='lat'><strong><em>33.</em></strong></span> 
     </span>
     <span class='ocr_line' id='line_1_17' title="bbox 197 1805 1177 1884; baseline -0.002 -19"><span class='ocrx_word' id='word_1_144' title='bbox 197 1832 254 1866; x_wconf 87' lang='lat' dir='ltr'><strong><em>nou</em></strong></span> <span class='ocrx_word' id='word_1_145' title='bbox 274 1826 340 1868; x_wconf 82' lang='lat' dir='ltr'><strong><em>snut</em></strong></span> <span class='ocrx_word' id='word_1_146' title='bbox 358 1813 412 1866; x_wconf 90' lang='lat' dir='ltr'><strong><em>illa</em></strong></span> <span class='ocrx_word' id='word_1_147' title='bbox 429 1812 475 1869; x_wconf 72' lang='lat' dir='ltr'><strong><em>&lt;lei</em></strong></span> <span class='ocrx_word' id='word_1_148' title='bbox 492 1842 542 1863; x_wconf 85' lang='lat'><strong><em>-·</em></strong></span> <span class='ocrx_word' id='word_1_149' title='bbox 556 1812 644 1881; x_wconf 86' lang='lat' dir='ltr'><strong><em>Atqui</em></strong></span> <span class='ocrx_word' id='word_1_150' title='bbox 652 1806 721 1880; x_wconf 80' lang='lat' dir='ltr'><strong><em>fine</em></strong></span> <span class='ocrx_word' id='word_1_151' title='bbox 738 1807 788 1862; x_wconf 84' lang='lat' dir='ltr'><strong><em>sub</em></strong></span> <span class='ocrx_word' id='word_1_152' title='bbox 803 1805 903 1863; x_wconf 86' lang='lat' dir='ltr'><strong><em>ultimo</em></strong></span> <span class='ocrx_word' id='word_1_153' title='bbox 919 1813 1062 1884; x_wconf 79' lang='lat' dir='ltr'><strong><em>peccatrix</em></strong></span> <span class='ocrx_word' id='word_1_154' title='bbox 1080 1816 1177 1869; x_wconf 81' lang='lat' dir='ltr'><strong><em>anima</em></strong></span> 
     </span>
     <span class='ocr_line' id='line_1_18' title="bbox 196 1902 459 1957; baseline -0.011 -3"><span class='ocrx_word' id='word_1_155' title='bbox 196 1902 349 1957; x_wconf 78' lang='lat' dir='ltr'><strong><em>stultitiam</em></strong></span> <span class='ocrx_word' id='word_1_156' title='bbox 366 1910 459 1956; x_wconf 84' lang='lat' dir='ltr'><strong><em>exuat.</em></strong></span> 
     </span>
    </p>
   </div>
   <div class='ocr_carea' id='block_1_4' title="bbox 126 2017 1181 2365">
    <p class='ocr_par' dir='ltr' id='par_1_5' title="bbox 126 2017 1181 2365">
     <span class='ocr_line' id='line_1_19' title="bbox 214 2017 1176 2119; baseline -0.003 -34"><span class='ocrx_word' id='word_1_157' title='bbox 214 2026 246 2085; x_wconf 75' lang='lat'><strong><em>2.</em></strong></span> <span class='ocrx_word' id='word_1_158' title='bbox 268 2019 491 2107; x_wconf 76' lang='lat' dir='ltr'><strong><em>Inteirogatio</em></strong></span> <span class='ocrx_word' id='word_1_159' title='bbox 507 2017 843 2109; x_wconf 81' lang='lat' dir='ltr'><strong><em>praeceditnegativa,</em></strong></span> <span class='ocrx_word' id='word_1_160' title='bbox 854 2038 937 2104; x_wconf 82' lang='lat' dir='ltr'><strong><em>quoe</em></strong></span> <span class='ocrx_word' id='word_1_161' title='bbox 951 2019 986 2083; x_wconf 88' lang='lat' dir='ltr'><strong><em>id</em></strong></span> <span class='ocrx_word' id='word_1_162' title='bbox 1002 2018 1176 2119; x_wconf 80' lang='lat' dir='ltr'><strong><em>proponit,</em></strong></span> 
     </span>
     <span class='ocr_line' id='line_1_20' title="bbox 129 2104 1178 2196; baseline 0.004 -27"><span class='ocrx_word' id='word_1_163' title='bbox 129 2105 221 2192; x_wconf 92' lang='lat' dir='ltr'><strong><em>quod</em></strong></span> <span class='ocrx_word' id='word_1_164' title='bbox 232 2109 451 2196; x_wconf 80' lang='lat' dir='ltr'><strong><em>negariposse</em></strong></span> <span class='ocrx_word' id='word_1_165' title='bbox 466 2128 536 2171; x_wconf 91' lang='lat' dir='ltr'><strong><em>non</em></strong></span> <span class='ocrx_word' id='word_1_166' title='bbox 548 2104 1070 2191; x_wconf 76' lang='lat' dir='ltr'><strong><em>videntur,apponiturqueuliud,</em></strong></span> <span class='ocrx_word' id='word_1_167' title='bbox 1086 2104 1178 2191; x_wconf 81' lang='lat' dir='ltr'><strong><em>quod</em></strong></span> 
     </span>
     <span class='ocr_line' id='line_1_21' title="bbox 126 2189 1179 2280; baseline -0.001 -23"><span class='ocrx_word' id='word_1_168' title='bbox 126 2192 347 2272; x_wconf 77' lang='lat' dir='ltr'><strong><em>nihilominus</em></strong></span> <span class='ocrx_word' id='word_1_169' title='bbox 356 2194 449 2271; x_wconf 81' lang='lat' dir='ltr'><strong><em>valet,</em></strong></span> <span class='ocrx_word' id='word_1_170' title='bbox 458 2192 614 2280; x_wconf 90' lang='lat' dir='ltr'><strong><em>illudque,</em></strong></span> <span class='ocrx_word' id='word_1_171' title='bbox 648 2189 1038 2273; x_wconf 77' lang='lat' dir='ltr'><strong><em>undanteadictum&#39;erut,</em></strong></span> <span class='ocrx_word' id='word_1_172' title='bbox 1054 2189 1179 2256; x_wconf 87' lang='lat' dir='ltr'><strong><em>confir-</em></strong></span> 
     </span>
     <span class='ocr_line' id='line_1_22' title="bbox 128 2277 1181 2365; baseline -0.002 -22"><span class='ocrx_word' id='word_1_173' title='bbox 128 2289 209 2356; x_wconf 78' lang='lat' dir='ltr'><strong><em>mat.</em></strong></span> <span class='ocrx_word' id='word_1_174' title='bbox 257 2279 343 2344; x_wconf 86' lang='lat' dir='ltr'><strong><em>Hinc</em></strong></span> <span class='ocrx_word' id='word_1_175' title='bbox 367 2278 522 2343; x_wconf 81' lang='lat' dir='ltr'><strong><em>Dukerne</em></strong></span> <span class='ocrx_word' id='word_1_176' title='bbox 544 2277 585 2343; x_wconf 84' lang='lat' dir='ltr'><strong><em>ud</em></strong></span> <span class='ocrx_word' id='word_1_177' title='bbox 652 2298 703 2341; x_wconf 88' lang='lat' dir='ltr'><strong><em>or.</em></strong></span> <span class='ocrx_word' id='word_1_178' title='bbox 728 2281 767 2357; x_wconf 84' lang='grc'><strong>3,</strong></span> <span class='ocrx_word' id='word_1_179' title='bbox 790 2280 851 2356; x_wconf 78' lang='lat'><strong><em>12,</em></strong></span> <span class='ocrx_word' id='word_1_180' title='bbox 882 2282 934 2341; x_wconf 88' lang='grc'><strong><em>11.</em></strong></span> <span class='ocrx_word' id='word_1_181' title='bbox 966 2278 1085 2365; x_wconf 84' lang='lat' dir='ltr'><strong><em>„alqui</em></strong></span> <span class='ocrx_word' id='word_1_182' title='bbox 1109 2299 1181 2341; x_wconf 91' lang='lat' dir='ltr'><strong><em>non</em></strong></span> 
     </span>
    </p>
   </div>
   <div class='ocr_carea' id='block_1_5' title="bbox 128 2360 1180 2625">
    <p class='ocr_par' dir='ltr' id='par_1_6' title="bbox 128 2360 1180 2625">
     <span class='ocr_line' id='line_1_23' title="bbox 130 2360 1180 2453; baseline 0 -25"><span class='ocrx_word' id='word_1_183' title='bbox 130 2387 261 2453; x_wconf 86' lang='lat' dir='ltr'><strong><em>semper</em></strong></span> <span class='ocrx_word' id='word_1_184' title='bbox 283 2375 331 2429; x_wconf 87' lang='lat' dir='ltr'><strong><em>est</em></strong></span> <span class='ocrx_word' id='word_1_185' title='bbox 356 2365 574 2445; x_wconf 79' lang='lat' dir='ltr'><strong><em>adversantis,</em></strong></span> <span class='ocrx_word' id='word_1_186' title='bbox 598 2363 656 2428; x_wconf 83' lang='lat' dir='ltr'><strong><em>sed</em></strong></span> <span class='ocrx_word' id='word_1_187' title='bbox 677 2360 897 2451; x_wconf 81' lang='lat' dir='ltr'><strong><em>praecedente</em></strong></span> <span class='ocrx_word' id='word_1_188' title='bbox 919 2362 1180 2452; x_wconf 77' lang='lat' dir='ltr'><strong><em>interrogatione</em></strong></span> 
     </span>
     <span class='ocr_line' id='line_1_24' title="bbox 128 2447 1180 2540; baseline 0.003 -29"><span class='ocrx_word' id='word_1_189' title='bbox 128 2473 225 2540; x_wconf 77' lang='lat' dir='ltr'><strong><em>saepe</em></strong></span> <span class='ocrx_word' id='word_1_190' title='bbox 241 2452 383 2516; x_wconf 82' lang='lat' dir='ltr'><strong><em>declarat</em></strong></span> <span class='ocrx_word' id='word_1_191' title='bbox 399 2461 432 2516; x_wconf 82' lang='lat' dir='ltr'><strong><em>et</em></strong></span> <span class='ocrx_word' id='word_1_192' title='bbox 452 2448 628 2515; x_wconf 85' lang='lat' dir='ltr'><strong><em>confirmat</em></strong></span> <span class='ocrx_word' id='word_1_193' title='bbox 641 2471 697 2530; x_wconf 87' lang='lat' dir='ltr'><strong><em>en,</em></strong></span> <span class='ocrx_word' id='word_1_194' title='bbox 722 2469 805 2536; x_wconf 82' lang='lat' dir='ltr'><strong><em>quae</em></strong></span> <span class='ocrx_word' id='word_1_195' title='bbox 826 2447 913 2513; x_wconf 79' lang='lat' dir='ltr'><strong><em>dicta</em></strong></span> <span class='ocrx_word' id='word_1_196' title='bbox 935 2456 1045 2515; x_wconf 87' lang='lat' dir='ltr'><strong><em>sunt.“</em></strong></span> <span class='ocrx_word' id='word_1_197' title='bbox 1088 2449 1180 2514; x_wconf 80' lang='lat' dir='ltr'><strong><em>Con·-</em></strong></span> 
     </span>
     <span class='ocr_line' id='line_1_25' title="bbox 128 2533 953 2625; baseline -0.001 -23"><span class='ocrx_word' id='word_1_198' title='bbox 128 2535 241 2605; x_wconf 79' lang='lat' dir='ltr'><strong><em>firmnt</em></strong></span> <span class='ocrx_word' id='word_1_199' title='bbox 258 2537 412 2625; x_wconf 89' lang='lat' dir='ltr'><strong><em>quidem,</em></strong></span> <span class='ocrx_word' id='word_1_200' title='bbox 437 2535 496 2604; x_wconf 85' lang='lat' dir='ltr'><strong><em>eod</em></strong></span> <span class='ocrx_word' id='word_1_201' title='bbox 510 2558 551 2602; x_wconf 82' lang='lat' dir='ltr'><strong><em>ex</em></strong></span> <span class='ocrx_word' id='word_1_202' title='bbox 567 2533 710 2623; x_wconf 80' lang='lat' dir='ltr'><strong><em>quadum</em></strong></span> <span class='ocrx_word' id='word_1_203' title='bbox 730 2535 953 2621; x_wconf 84' lang='lat' dir='ltr'><strong><em>oppositione.</em></strong></span> 
     </span>
    </p>
   </div>
   <div class='ocr_carea' id='block_1_6' title="bbox 132 2668 1279 4209">
    <p class='ocr_par' dir='ltr' id='par_1_7' title="bbox 199 2668 1249 3347">
     <span class='ocr_line' id='line_1_26' title="bbox 246 2668 1182 2746; baseline -0.001 -18"><span class='ocrx_word' id='word_1_204' title='bbox 246 2675 301 2728; x_wconf 87' lang='lat' dir='ltr'><strong><em>Cic.</em></strong></span> <span class='ocrx_word' id='word_1_205' title='bbox 319 2677 348 2727; x_wconf 87' lang='lat' dir='ltr'><strong><em>in</em></strong></span> <span class='ocrx_word' id='word_1_206' title='bbox 363 2677 440 2729; x_wconf 82' lang='lat' dir='ltr'><strong><em>Verr.</em></strong></span> <span class='ocrx_word' id='word_1_207' title='bbox 456 2672 490 2743; x_wconf 77' lang='grc'><strong>3,</strong></span> <span class='ocrx_word' id='word_1_208' title='bbox 508 2671 560 2738; x_wconf 88' lang='grc'><strong><em>86,</em></strong></span> <span class='ocrx_word' id='word_1_209' title='bbox 576 2672 638 2726; x_wconf 78' lang='lat'><strong>200.</strong></span> <span class='ocrx_word' id='word_1_210' title='bbox 659 2668 790 2742; x_wconf 77' lang='lat' dir='ltr'><strong><em>placetne</em></strong></span> <span class='ocrx_word' id='word_1_211' title='bbox 812 2670 896 2725; x_wconf 87' lang='lat' dir='ltr'><strong><em>uobis</em></strong></span> <span class='ocrx_word' id='word_1_212' title='bbox 920 2674 950 2726; x_wconf 90' lang='lat' dir='ltr'><strong><em>iu</em></strong></span> <span class='ocrx_word' id='word_1_213' title='bbox 969 2672 1070 2728; x_wconf 87' lang='lat' dir='ltr'><strong><em>cellam</em></strong></span> <span class='ocrx_word' id='word_1_214' title='bbox 1094 2675 1182 2746; x_wconf 80' lang='lat' dir='ltr'><strong><em>magi·</em></strong></span> 
     </span>
     <span class='ocr_line' id='line_1_27' title="bbox 201 2754 1184 2835; baseline -0.001 -20"><span class='ocrx_word' id='word_1_215' title='bbox 201 2759 337 2815; x_wconf 82' lang='lat' dir='ltr'><strong><em>stratibus</em></strong></span> <span class='ocrx_word' id='word_1_216' title='bbox 361 2762 465 2814; x_wconf 87' lang='lat' dir='ltr'><strong><em>nostris</em></strong></span> <span class='ocrx_word' id='word_1_217' title='bbox 482 2754 660 2829; x_wconf 80' lang='lat' dir='ltr'><strong><em>frumentum</em></strong></span> <span class='ocrx_word' id='word_1_218' title='bbox 682 2756 793 2811; x_wconf 87' lang='lat' dir='ltr'><strong><em>Siculos</em></strong></span> <span class='ocrx_word' id='word_1_219' title='bbox 811 2758 901 2828; x_wconf 79' lang='lat' dir='ltr'><strong><em>gratis</em></strong></span> <span class='ocrx_word' id='word_1_220' title='bbox 918 2756 1008 2811; x_wconf 81' lang='lat' dir='ltr'><strong><em>dare?</em></strong></span> <span class='ocrx_word' id='word_1_221' title='bbox 1037 2757 1114 2835; x_wconf 75' lang='lat' dir='ltr'><strong><em>Quid</em></strong></span> <span class='ocrx_word' id='word_1_222' title='bbox 1130 2758 1184 2815; x_wconf 81' lang='lat' dir='ltr'><strong><em>boc</em></strong></span> 
     </span>
     <span class='ocr_line' id='line_1_28' title="bbox 200 2841 1184 2918; baseline 0 -17"><span class='ocrx_word' id='word_1_223' title='bbox 200 2845 365 2917; x_wconf 75' lang='lat' dir='ltr'><strong><em>indignius?</em></strong></span> <span class='ocrx_word' id='word_1_224' title='bbox 390 2844 459 2918; x_wconf 72' lang='lat' dir='ltr'><strong><em>quial</em></strong></span> <span class='ocrx_word' id='word_1_225' title='bbox 476 2844 622 2914; x_wconf 77' lang='lat' dir='ltr'><strong><em>iniquius?</em></strong></span> <span class='ocrx_word' id='word_1_226' title='bbox 648 2841 740 2912; x_wconf 82' lang='lat' dir='ltr'><strong><em>Atqui</em></strong></span> <span class='ocrx_word' id='word_1_227' title='bbox 754 2841 806 2895; x_wconf 80' lang='lat' dir='ltr'><strong><em>lior</em></strong></span> <span class='ocrx_word' id='word_1_228' title='bbox 822 2846 923 2898; x_wconf 83' lang='lat' dir='ltr'><strong><em>scitoto</em></strong></span> <span class='ocrx_word' id='word_1_229' title='bbox 946 2844 1105 2900; x_wconf 85' lang='lat' dir='ltr'><strong><em>aratoribus</em></strong></span> <span class='ocrx_word' id='word_1_230' title='bbox 1130 2845 1184 2901; x_wconf 85' lang='lat' dir='ltr'><strong><em>lroc</em></strong></span> 
     </span>
     <span class='ocr_line' id='line_1_29' title="bbox 199 2923 1183 3004; baseline -0.007 -19"><span class='ocrx_word' id='word_1_231' title='bbox 199 2941 331 3003; x_wconf 85' lang='lat' dir='ltr'><strong><em>praetore</em></strong></span> <span class='ocrx_word' id='word_1_232' title='bbox 347 2930 505 3003; x_wconf 85' lang='lat' dir='ltr'><strong><em>optandum</em></strong></span> <span class='ocrx_word' id='word_1_233' title='bbox 522 2940 551 2984; x_wconf 84' lang='lat' dir='ltr'><strong><em>et</em></strong></span> <span class='ocrx_word' id='word_1_234' title='bbox 566 2928 718 3001; x_wconf 80' lang='lat' dir='ltr'><strong><em>petendum</em></strong></span> <span class='ocrx_word' id='word_1_235' title='bbox 729 2923 836 2996; x_wconf 84' lang='lat' dir='ltr'><strong><em>fuisse.</em></strong></span> <span class='ocrx_word' id='word_1_236' title='bbox 870 2928 963 2980; x_wconf 84' lang='lat' dir='ltr'><strong><em>Parad.</em></strong></span> <span class='ocrx_word' id='word_1_237' title='bbox 982 2930 1014 2995; x_wconf 88' lang='lat'><strong><em>1,</em></strong></span> <span class='ocrx_word' id='word_1_238' title='bbox 1034 2932 1065 2993; x_wconf 92' lang='lat'><strong><em>1,</em></strong></span> <span class='ocrx_word' id='word_1_239' title='bbox 1086 2931 1113 2987; x_wconf 86' lang='lat'><strong><em>7.</em></strong></span> <span class='ocrx_word' id='word_1_240' title='bbox 1131 2951 1183 3004; x_wconf 84' lang='lat' dir='ltr'><strong><em>po.</em></strong></span> 
     </span>
     <span class='ocr_line' id='line_1_30' title="bbox 202 3012 1186 3089; baseline 0 -19"><span class='ocrx_word' id='word_1_241' title='bbox 202 3030 292 3072; x_wconf 80' lang='lat' dir='ltr'><strong><em>testae</em></strong></span> <span class='ocrx_word' id='word_1_242' title='bbox 316 3015 421 3081; x_wconf 81' lang='lat' dir='ltr'><strong><em>bonum</em></strong></span> <span class='ocrx_word' id='word_1_243' title='bbox 443 3020 571 3088; x_wconf 79' lang='lat' dir='ltr'><strong><em>cuiquam</em></strong></span> <span class='ocrx_word' id='word_1_244' title='bbox 595 3012 670 3068; x_wconf 86' lang='lat' dir='ltr'><strong><em>malo</em></strong></span> <span class='ocrx_word' id='word_1_245' title='bbox 695 3014 778 3068; x_wconf 81' lang='lat' dir='ltr'><strong><em>esse?</em></strong></span> <span class='ocrx_word' id='word_1_246' title='bbox 804 3016 857 3066; x_wconf 75' lang='lat' dir='ltr'><strong><em>aut</em></strong></span> <span class='ocrx_word' id='word_1_247' title='bbox 874 3023 969 3083; x_wconf 85' lang='lat' dir='ltr'><strong><em>potest</em></strong></span> <span class='ocrx_word' id='word_1_248' title='bbox 990 3021 1134 3089; x_wconf 85' lang='lat' dir='ltr'><strong><em>quisquam</em></strong></span> <span class='ocrx_word' id='word_1_249' title='bbox 1154 3023 1186 3074; x_wconf 83' lang='lat' dir='ltr'><strong><em>in</em></strong></span> 
     </span>
     <span class='ocr_line' id='line_1_31' title="bbox 202 3095 1249 3173; baseline 0.002 -16"><span class='ocrx_word' id='word_1_250' title='bbox 202 3103 376 3158; x_wconf 84' lang='lat' dir='ltr'><strong><em>abundantia</em></strong></span> <span class='ocrx_word' id='word_1_251' title='bbox 393 3101 527 3156; x_wconf 86' lang='lat' dir='ltr'><strong><em>bonorum</em></strong></span> <span class='ocrx_word' id='word_1_252' title='bbox 545 3104 607 3173; x_wconf 83' lang='lat' dir='ltr'><strong><em>ipsc</em></strong></span> <span class='ocrx_word' id='word_1_253' title='bbox 626 3117 759 3154; x_wconf 86' lang='lat' dir='ltr'><strong><em>essenon</em></strong></span> <span class='ocrx_word' id='word_1_254' title='bbox 778 3095 888 3151; x_wconf 81' lang='lat' dir='ltr'><strong><em>bonus?</em></strong></span> <span class='ocrx_word' id='word_1_255' title='bbox 907 3103 997 3173; x_wconf 78' lang='lat' dir='ltr'><strong><em>Atqui</em></strong></span> <span class='ocrx_word' id='word_1_256' title='bbox 1014 3108 1071 3159; x_wconf 90' lang='lat' dir='ltr'><strong><em>ista</em></strong></span> <span class='ocrx_word' id='word_1_257' title='bbox 1090 3109 1186 3160; x_wconf 90' lang='lat' dir='ltr'><strong><em>omnia</em></strong></span> <span class='ocrx_word' id='word_1_258' title='bbox 1246 3097 1249 3102; x_wconf 42' lang='lat'>⁵</span> 
     </span>
     <span class='ocr_line' id='line_1_32' title="bbox 203 3181 1244 3269; baseline 0 -26"><span class='ocrx_word' id='word_1_259' title='bbox 203 3189 279 3245; x_wconf 88' lang='lat' dir='ltr'><strong><em>talia</em></strong></span> <span class='ocrx_word' id='word_1_260' title='bbox 292 3186 487 3252; x_wconf 80' lang='lat' dir='ltr'><strong><em>uidemus,&#39;ut</em></strong></span> <span class='ocrx_word' id='word_1_261' title='bbox 505 3190 592 3242; x_wconf 85' lang='lat' dir='ltr'><strong><em>ctiam</em></strong></span> <span class='ocrx_word' id='word_1_262' title='bbox 612 3181 733 3256; x_wconf 84' lang='lat' dir='ltr'><strong><em>improbi</em></strong></span> <span class='ocrx_word' id='word_1_263' title='bbox 757 3182 895 3250; x_wconf 81' lang='lat' dir='ltr'><strong><em>babeant,</em></strong></span> <span class='ocrx_word' id='word_1_264' title='bbox 921 3195 949 3240; x_wconf 88' lang='lat' dir='ltr'><strong><em>et</em></strong></span> <span class='ocrx_word' id='word_1_265' title='bbox 969 3186 1063 3244; x_wconf 88' lang='lat' dir='ltr'><strong><em>obsint</em></strong></span> <span class='ocrx_word' id='word_1_266' title='bbox 1079 3190 1185 3260; x_wconf 82' lang='lat' dir='ltr'><strong><em>probis.</em></strong></span> <span class='ocrx_word' id='word_1_267' title='bbox 1235 3252 1244 3269; x_wconf 49' lang='lat'><strong>·</strong></span> 
     </span>
     <span class='ocr_line' id='line_1_33' title="bbox 202 3269 1186 3347; baseline 0.002 -20"><span class='ocrx_word' id='word_1_268' title='bbox 202 3275 232 3327; x_wconf 88' lang='lat' dir='ltr'><strong><em>in</em></strong></span> <span class='ocrx_word' id='word_1_269' title='bbox 249 3279 326 3328; x_wconf 84' lang='lat' dir='ltr'><strong><em>Verr.</em></strong></span> <span class='ocrx_word' id='word_1_270' title='bbox 345 3274 380 3340; x_wconf 75' lang='lat'><strong><em>2,</em></strong></span> <span class='ocrx_word' id='word_1_271' title='bbox 400 3273 451 3335; x_wconf 88' lang='grc'><strong>59,</strong></span> <span class='ocrx_word' id='word_1_272' title='bbox 471 3271 530 3326; x_wconf 79' lang='lat'><strong>144.</strong></span> <span class='ocrx_word' id='word_1_273' title='bbox 554 3269 670 3325; x_wconf 86' lang='lat' dir='ltr'><strong><em>modum</em></strong></span> <span class='ocrx_word' id='word_1_274' title='bbox 693 3281 850 3332; x_wconf 78' lang='lat' dir='ltr'><strong><em>statuarum</em></strong></span> <span class='ocrx_word' id='word_1_275' title='bbox 872 3269 967 3326; x_wconf 82' lang='lat' dir='ltr'><strong><em>baberi</em></strong></span> <span class='ocrx_word' id='word_1_276' title='bbox 990 3275 1097 3329; x_wconf 85' lang='lat' dir='ltr'><strong><em>nullum</em></strong></span> <span class='ocrx_word' id='word_1_277' title='bbox 1122 3275 1186 3347; x_wconf 90' lang='lat' dir='ltr'><strong><em>pla·</em></strong></span> 
     </span>
    </p>

    <p class='ocr_par' dir='ltr' id='par_1_8' title="bbox 138 3355 1279 4030">
     <span class='ocr_line' id='line_1_34' title="bbox 138 3355 1279 3435; baseline -0.002 -19"><span class='ocrx_word' id='word_1_278' title='bbox 138 3429 142 3435; x_wconf 16' lang='grc' dir='ltr'><strong><em>ἡ</em></strong></span> <span class='ocrx_word' id='word_1_279' title='bbox 205 3362 269 3416; x_wconf 81' lang='lat' dir='ltr'><strong><em>cet?</em></strong></span> <span class='ocrx_word' id='word_1_280' title='bbox 302 3364 390 3432; x_wconf 80' lang='lat' dir='ltr'><strong><em>Atqui</em></strong></span> <span class='ocrx_word' id='word_1_281' title='bbox 416 3356 552 3412; x_wconf 83' lang='lat' dir='ltr'><strong><em>babeatur</em></strong></span> <span class='ocrx_word' id='word_1_282' title='bbox 579 3366 769 3420; x_wconf 71' lang='lat' dir='ltr'><strong><em>necestuosi.</em></strong></span> <span class='ocrx_word' id='word_1_283' title='bbox 803 3358 876 3412; x_wconf 90' lang='lat' dir='ltr'><strong><em>Flor.</em></strong></span> <span class='ocrx_word' id='word_1_284' title='bbox 893 3355 927 3422; x_wconf 79' lang='grc'><strong>3,</strong></span> <span class='ocrx_word' id='word_1_285' title='bbox 952 3357 1002 3424; x_wconf 78' lang='grc'><strong><em>12,</em></strong></span> <span class='ocrx_word' id='word_1_286' title='bbox 1029 3361 1070 3411; x_wconf 93' lang='grc'><strong><em>11.</em></strong></span> <span class='ocrx_word' id='word_1_287' title='bbox 1095 3378 1188 3416; x_wconf 78' lang='lat' dir='ltr'><strong><em>noune</em></strong></span> <span class='ocrx_word' id='word_1_288' title='bbox 1267 3364 1279 3384; x_wconf 89' lang='lat'>“</span> 
     </span>
     <span class='ocr_line' id='line_1_35' title="bbox 203 3442 1187 3515; baseline -0.004 -15"><span class='ocrx_word' id='word_1_289' title='bbox 203 3445 333 3503; x_wconf 81' lang='lat' dir='ltr'><strong><em>ambitus</em></strong></span> <span class='ocrx_word' id='word_1_290' title='bbox 353 3443 490 3498; x_wconf 82' lang='lat' dir='ltr'><strong><em>bonorum</em></strong></span> <span class='ocrx_word' id='word_1_291' title='bbox 503 3443 539 3498; x_wconf 90' lang='lat' dir='ltr'><strong><em>ab</em></strong></span> <span class='ocrx_word' id='word_1_292' title='bbox 554 3443 655 3499; x_wconf 82' lang='lat' dir='ltr'><strong><em>iisdem</em></strong></span> <span class='ocrx_word' id='word_1_293' title='bbox 678 3442 788 3500; x_wconf 83' lang='lat' dir='ltr'><strong><em>diuitiis</em></strong></span> <span class='ocrx_word' id='word_1_294' title='bbox 815 3444 972 3498; x_wconf 76' lang='lat' dir='ltr'><strong><em>incitatus?</em></strong></span> <span class='ocrx_word' id='word_1_295' title='bbox 1006 3446 1094 3515; x_wconf 83' lang='lat' dir='ltr'><strong><em>Atqui</em></strong></span> <span class='ocrx_word' id='word_1_296' title='bbox 1121 3445 1187 3503; x_wconf 60' lang='lat' dir='ltr'><strong><em>indi</em></strong></span> 
     </span>
     <span class='ocr_line' id='line_1_36' title="bbox 202 3519 1262 3602; baseline -0.004 -13"><span class='ocrx_word' id='word_1_297' title='bbox 202 3534 348 3589; x_wconf 86' lang='lat' dir='ltr'><strong><em>Mariana</em></strong></span> <span class='ocrx_word' id='word_1_298' title='bbox 363 3541 392 3587; x_wconf 82' lang='lat' dir='ltr'><strong><em>et</em></strong></span> <span class='ocrx_word' id='word_1_299' title='bbox 409 3529 529 3585; x_wconf 84' lang='lat' dir='ltr'><strong><em>Sullana</em></strong></span> <span class='ocrx_word' id='word_1_300' title='bbox 549 3541 709 3602; x_wconf 84' lang='lat' dir='ltr'><strong><em>tempestas.</em></strong></span> <span class='ocrx_word' id='word_1_301' title='bbox 737 3529 756 3580; x_wconf 87' lang='lat' dir='ltr'><strong><em>i.</em></strong></span> <span class='ocrx_word' id='word_1_302' title='bbox 773 3519 797 3581; x_wconf 66' lang='lat' dir='ltr'><strong><em>e]</em></strong></span> <span class='ocrx_word' id='word_1_303' title='bbox 822 3527 845 3580; x_wconf 84' lang='lat' dir='ltr'><strong><em>ei</em></strong></span> <span class='ocrx_word' id='word_1_304' title='bbox 863 3528 921 3598; x_wconf 83' lang='lat' dir='ltr'><strong><em>quis</em></strong></span> <span class='ocrx_word' id='word_1_305' title='bbox 942 3527 1010 3580; x_wconf 87' lang='lat' dir='ltr'><strong><em>illud</em></strong></span> <span class='ocrx_word' id='word_1_306' title='bbox 1025 3540 1122 3598; x_wconf 83' lang='lat' dir='ltr'><strong><em>neget,</em></strong></span> <span class='ocrx_word' id='word_1_307' title='bbox 1140 3542 1186 3585; x_wconf 82' lang='lat' dir='ltr'><strong><em>tn·</em></strong></span> <span class='ocrx_word' id='word_1_308' title='bbox 1261 3542 1262 3546; x_wconf 77' lang='grc'>’</span> 
     </span>
     <span class='ocr_line' id='line_1_37' title="bbox 207 3611 1188 3688; baseline 0.002 -18"><span class='ocrx_word' id='word_1_309' title='bbox 207 3636 268 3670; x_wconf 87' lang='lat' dir='ltr'><strong><em>men</em></strong></span> <span class='ocrx_word' id='word_1_310' title='bbox 290 3617 354 3671; x_wconf 84' lang='lat' dir='ltr'><strong><em>inde</em></strong></span> <span class='ocrx_word' id='word_1_311' title='bbox 377 3629 438 3670; x_wconf 81' lang='lat' dir='ltr'><strong><em>ortu</em></strong></span> <span class='ocrx_word' id='word_1_312' title='bbox 461 3629 503 3670; x_wconf 87' lang='lat' dir='ltr'><strong><em>est</em></strong></span> <span class='ocrx_word' id='word_1_313' title='bbox 526 3626 678 3688; x_wconf 75' lang='lat' dir='ltr'><strong><em>tempestas.</em></strong></span> <span class='ocrx_word' id='word_1_314' title='bbox 711 3613 747 3679; x_wconf 83' lang='lat'><strong><em>4,</em></strong></span> <span class='ocrx_word' id='word_1_315' title='bbox 762 3614 796 3679; x_wconf 76' lang='lat'><strong><em>2,</em></strong></span> <span class='ocrx_word' id='word_1_316' title='bbox 813 3611 857 3666; x_wconf 85' lang='grc'><strong><em>53.</em></strong></span> <span class='ocrx_word' id='word_1_317' title='bbox 883 3615 945 3684; x_wconf 88' lang='lat' dir='ltr'><strong><em>quis</em></strong></span> <span class='ocrx_word' id='word_1_318' title='bbox 970 3629 1027 3666; x_wconf 85' lang='lat' dir='ltr'><strong><em>non</em></strong></span> <span class='ocrx_word' id='word_1_319' title='bbox 1044 3628 1188 3685; x_wconf 85' lang='lat' dir='ltr'><strong><em>peractum</em></strong></span> 
     </span>
     <span class='ocr_line' id='line_1_38' title="bbox 206 3698 1188 3774; baseline -0.001 -16"><span class='ocrx_word' id='word_1_320' title='bbox 206 3722 267 3758; x_wconf 83' lang='lat' dir='ltr'><strong><em>csso</em></strong></span> <span class='ocrx_word' id='word_1_321' title='bbox 297 3721 358 3756; x_wconf 88' lang='lat' dir='ltr'><strong><em>cum</em></strong></span> <span class='ocrx_word' id='word_1_322' title='bbox 383 3705 518 3774; x_wconf 89' lang='lat' dir='ltr'><strong><em>Pompeio</em></strong></span> <span class='ocrx_word' id='word_1_323' title='bbox 550 3702 672 3757; x_wconf 76' lang='lat' dir='ltr'><strong><em>crederet</em></strong></span> <span class='ocrx_word' id='word_1_324' title='bbox 698 3698 825 3755; x_wconf 85' lang='lat' dir='ltr'><strong><em>bellam?</em></strong></span> <span class='ocrx_word' id='word_1_325' title='bbox 858 3699 949 3769; x_wconf 75' lang='lat' dir='ltr'><strong><em>&#39;Atqui</em></strong></span> <span class='ocrx_word' id='word_1_326' title='bbox 978 3702 1070 3754; x_wconf 84' lang='lat' dir='ltr'><strong><em>acrius</em></strong></span> <span class='ocrx_word' id='word_1_327' title='bbox 1095 3702 1188 3760; x_wconf 89' lang='lat' dir='ltr'><strong><em>multo</em></strong></span> 
     </span>
     <span class='ocr_line' id='line_1_39' title="bbox 209 3783 1189 3861; baseline -0.002 -18"><span class='ocrx_word' id='word_1_328' title='bbox 209 3801 294 3861; x_wconf 86' lang='lat' dir='ltr'><strong><em>atque</em></strong></span> <span class='ocrx_word' id='word_1_329' title='bbox 332 3787 519 3844; x_wconf 79' lang='lat' dir='ltr'><strong><em>uehementius</em></strong></span> <span class='ocrx_word' id='word_1_330' title='bbox 558 3785 715 3843; x_wconf 64' lang='lat' dir='ltr'><strong><em>nossalim·</em></strong></span> <span class='ocrx_word' id='word_1_331' title='bbox 749 3783 870 3839; x_wconf 84' lang='lat' dir='ltr'><strong><em>incendii</em></strong></span> <span class='ocrx_word' id='word_1_332' title='bbox 904 3786 1008 3838; x_wconf 85' lang='lat' dir='ltr'><strong><em>cineres</em></strong></span> <span class='ocrx_word' id='word_1_333' title='bbox 1041 3786 1189 3843; x_wconf 82' lang='lat' dir='ltr'><strong><em>recaluerc.</em></strong></span> 
     </span>
     <span class='ocr_line' id='line_1_40' title="bbox 209 3861 1219 3942; baseline -0.002 -13"><span class='ocrx_word' id='word_1_334' title='bbox 209 3879 283 3929; x_wconf 87' lang='lat' dir='ltr'><strong><em>Curt.</em></strong></span> <span class='ocrx_word' id='word_1_335' title='bbox 299 3872 332 3939; x_wconf 89' lang='grc'><strong>6,</strong></span> <span class='ocrx_word' id='word_1_336' title='bbox 352 3873 400 3940; x_wconf 90' lang='grc'><strong>10,</strong></span> <span class='ocrx_word' id='word_1_337' title='bbox 419 3873 462 3928; x_wconf 93' lang='grc'><strong><em>10.</em></strong></span> <span class='ocrx_word' id='word_1_338' title='bbox 482 3885 526 3928; x_wconf 85' lang='lat' dir='ltr'><strong><em>tot</em></strong></span> <span class='ocrx_word' id='word_1_339' title='bbox 546 3875 650 3928; x_wconf 87' lang='lat' dir='ltr'><strong><em>conscii</em></strong></span> <span class='ocrx_word' id='word_1_340' title='bbox 668 3892 702 3927; x_wconf 88' lang='lat' dir='ltr'><strong><em>ue</em></strong></span> <span class='ocrx_word' id='word_1_341' title='bbox 722 3876 752 3926; x_wconf 91' lang='lat' dir='ltr'><strong><em>iu</em></strong></span> <span class='ocrx_word' id='word_1_342' title='bbox 767 3868 913 3942; x_wconf 80' lang='lat' dir='ltr'><strong><em>equuleum</em></strong></span> <span class='ocrx_word' id='word_1_343' title='bbox 933 3868 1043 3940; x_wconf 82' lang='lat' dir='ltr'><strong><em>quidem</em></strong></span> <span class='ocrx_word' id='word_1_344' title='bbox 1061 3861 1219 3942; x_wconf 25' lang='lat' dir='ltr'><strong><em>impositi]</em></strong></span> 
     </span>
     <span class='ocr_line' id='line_1_41' title="bbox 210 3952 1190 4030; baseline -0.004 -16"><span class='ocrx_word' id='word_1_345' title='bbox 210 3981 307 4015; x_wconf 63' lang='lat' dir='ltr'><strong><em>‘urum</em></strong></span> <span class='ocrx_word' id='word_1_346' title='bbox 328 3955 521 4028; x_wconf 73' lang='lat' dir='ltr'><strong><em>fatebuntur?</em></strong></span> <span class='ocrx_word' id='word_1_347' title='bbox 546 3962 634 4030; x_wconf 86' lang='lat' dir='ltr'><strong><em>Atqui</em></strong></span> <span class='ocrx_word' id='word_1_348' title='bbox 659 3975 739 4011; x_wconf 80' lang='lat' dir='ltr'><strong><em>nenio</em></strong></span> <span class='ocrx_word' id='word_1_349' title='bbox 765 3958 857 4027; x_wconf 82' lang='lat' dir='ltr'><strong><em>parcit</em></strong></span> <span class='ocrx_word' id='word_1_350' title='bbox 885 3952 1039 4018; x_wconf 72' lang='lat' dir='ltr'><strong><em>morituro,&#39;</em></strong></span> <span class='ocrx_word' id='word_1_351' title='bbox 1065 3975 1114 4010; x_wconf 85' lang='lat' dir='ltr'><strong><em>nec</em></strong></span> <span class='ocrx_word' id='word_1_352' title='bbox 1135 3957 1190 4010; x_wconf 87' lang='lat' dir='ltr'><strong><em>cui-</em></strong></span> 
     </span>
    </p>

    <p class='ocr_par' dir='ltr' id='par_1_9' title="bbox 132 4037 1237 4117">
     <span class='ocr_line' id='line_1_42' title="bbox 132 4037 1237 4117; baseline 0 -20"><span class='ocrx_word' id='word_1_353' title='bbox 132 4088 135 4093; x_wconf 92' lang='lat'><em>.</em></span> <span class='ocrx_word' id='word_1_354' title='bbox 209 4067 292 4116; x_wconf 69' lang='lat' dir='ltr'><strong><em>«paam</em></strong></span> <span class='ocrx_word' id='word_1_355' title='bbox 313 4047 476 4108; x_wconf 86' lang='lat' dir='ltr'><strong><em>moriturus,</em></strong></span> <span class='ocrx_word' id='word_1_356' title='bbox 495 4055 528 4098; x_wconf 86' lang='lat' dir='ltr'><strong><em>ut</em></strong></span> <span class='ocrx_word' id='word_1_357' title='bbox 547 4049 657 4117; x_wconf 82' lang='lat' dir='ltr'><strong><em>opinor.</em></strong></span> <span class='ocrx_word' id='word_1_358' title='bbox 685 4046 704 4094; x_wconf 88' lang='lat' dir='ltr'><strong><em>i.</em></strong></span> <span class='ocrx_word' id='word_1_359' title='bbox 723 4061 746 4095; x_wconf 81' lang='lat' dir='ltr'><strong><em>e.</em></strong></span> <span class='ocrx_word' id='word_1_360' title='bbox 764 4051 858 4095; x_wconf 77' lang='lat' dir='ltr'><strong><em>samen</em></strong></span> <span class='ocrx_word' id='word_1_361' title='bbox 877 4041 943 4094; x_wconf 90' lang='lat' dir='ltr'><strong><em>illud</em></strong></span> <span class='ocrx_word' id='word_1_362' title='bbox 961 4057 1014 4094; x_wconf 89' lang='lat' dir='ltr'><strong><em>uon</em></strong></span> <span class='ocrx_word' id='word_1_363' title='bbox 1031 4051 1120 4109; x_wconf 87' lang='lat' dir='ltr'><strong><em>potest</em></strong></span> <span class='ocrx_word' id='word_1_364' title='bbox 1138 4037 1189 4097; x_wconf 87' lang='lat' dir='ltr'><strong><em>ne·</em></strong></span> <span class='ocrx_word' id='word_1_365' title='bbox 1234 4055 1237 4059; x_wconf 76' lang='grc'>’</span> 
     </span>
    </p>

    <p class='ocr_par' dir='ltr' id='par_1_10' title="bbox 166 4129 713 4209">
     <span class='ocr_line' id='line_1_43' title="bbox 166 4129 713 4209; baseline -0.005 -25"><span class='ocrx_word' id='word_1_366' title='bbox 166 4200 168 4207; x_wconf 32' lang='grc' dir='ltr'>Ι</span> <span class='ocrx_word' id='word_1_367' title='bbox 211 4133 267 4201; x_wconf 80' lang='lat' dir='ltr'><strong><em>gari</em></strong></span> <span class='ocrx_word' id='word_1_368' title='bbox 275 4172 285 4199; x_wconf 90' lang='lat'><em>‚</em></span> <span class='ocrx_word' id='word_1_369' title='bbox 302 4131 432 4186; x_wconf 88' lang='lat' dir='ltr'><strong><em>morituro</em></strong></span> <span class='ocrx_word' id='word_1_370' title='bbox 450 4129 585 4209; x_wconf 13' lang='lat' dir='ltr'><strong><em>nerninem!</em></strong></span> <span class='ocrx_word' id='word_1_371' title='bbox 596 4147 713 4200; x_wconf 83' lang='lat' dir='ltr'><strong><em>parcere.</em></strong></span> 
     </span>
    </p>
   </div>
   <div class='ocr_carea' id='block_1_7' title="bbox 0 0 1342 4770">
    <p class='ocr_par' dir='ltr' id='par_1_11' title="bbox 0 0 1342 4770">
     <span class='ocr_line' id='line_1_44' title="bbox 0 0 1342 4770; baseline 0 0"><span class='ocrx_word' id='word_1_372' title='bbox 0 0 1342 4770; x_wconf 95' lang='lat' dir='ltr'><strong><em> </em></strong></span> 
     </span>
    </p>
   </div>
  </div>
 </body>
</html>
