2618 4770
597 337 668 406 au.
769 318 773 328 “
1053 429 1055 438 ¹
1098 349 1161 411 aaa

111 499 188 563 loco
205 494 356 578 additur,
377 505 540 583 usurpant
552 514 638 560 num
653 530 696 548 -
713 515 779 576 on,
805 495 898 582 qnod
913 506 962 561 est
979 520 1104 566 numne
1119 539 1163 566 -.

111 607 177 665 an,
201 583 254 648 vel
268 584 390 646 omissa
404 583 522 646 vocula
537 603 638 658 num,
663 581 878 668 simplexne,
897 584 1004 668 quod,
1027 608 1070 650 ne
1088 609 1163 652 am-

111 667 253 755 biguitas
271 669 427 747 exsistat,
447 668 577 730 inversa
593 668 743 731 oratione
759 668 789 730 ei
811 668 913 732 verbo
937 668 1103 751 adiicitur,
1126 676 1163 739 in

111 776 176 840 quo
196 754 346 818 maxima
361 754 538 816 sententiae
554 753 601 815 vis
618 751 784 816 inhaeret:
807 753 894 817 velut
907 776 991 818 num
1007 779 1071 837 me,
1094 762 1163 825 sive

111 862 207 914 merae
226 835 357 926 secisse
375 835 509 922 pastas?
544 837 601 900 ubi
632 847 859 925 exspectamus
888 843 1160 926 responsionem:

111 947 178 990 noc
188 923 287 1012 puio.
324 925 402 996 ttoc
418 924 485 986 iarn
500 923 760 1010 interrogatione
774 924 954 987 indicatum
970 938 1049 990 erat.
1091 929 1162 994 Nec
1228 940 1231 949 ’

111 1010 202 1075 deest
216 1031 347 1095 caussa,
367 1029 428 1071 cur
443 1008 478 1072 in
493 1009 597 1072 altero
620 1032 739 1095 genere
753 1009 883 1094 negatio
899 1033 985 1084 non,
1005 1012 1041 1074 in
1056 1012 1160 1080 altere

111 1095 346 1167 affirmativum
362 1115 461 1168 raum,
487 1094 578 1181 quod
602 1105 780 1173 estnunc,
805 1095 919 1158 locum
942 1095 1070 1162 habeat.
1121 1100 1161 1164 ln

110 1177 196 1263 hoc,
237 1178 328 1268 quod
354 1179 394 1259 ad
419 1177 650 1243 affirmandum
679 1181 802 1266 vergit,
827 1201 947 1266 genere
976 1205 1050 1245 rara
1085 1194 1165 1248 sunt
1212 1254 1216 1259 ,

110 1266 265 1354 exempla
296 1264 566 1351 interrogationis
595 1288 656 1352 per
686 1266 754 1328 duo
789 1265 940 1329 membra
972 1290 1162 1356 expressae:

110 1373 188 1417 nem
206 1348 429 1418 affirmatione
444 1354 518 1414 ante
532 1356 702 1436 occupata,
723 1349 806 1414 nibil
824 1353 939 1415 attinet
955 1355 1162 1420 contrarium

110 1438 160 1505 rel
174 1437 376 1525 oppositum
394 1454 669 1499 commemorare.
711 1436 776 1498 Sed
794 1440 907 1522 potest
931 1439 1041 1502 omitti
1063 1444 1162 1506 etium

110 1524 215 1590 altera
231 1522 334 1611 prior
346 1543 440 1607 pars,
471 1521 530 1584 ubi
547 1521 596 1584 rei
612 1520 878 1608 probabilitatem
898 1527 1093 1588 econtrario
1109 1526 1163 1591 vel

110 1610 216 1675 aliena
246 1608 406 1671 sententia
429 1606 659 1691 designamus,
697 1605 761 1692 ipsi
785 1617 936 1670 nostram
962 1614 1162 1676 sententiam

110 1690 316 1760 cohibentes·
359 1696 466 1777 Atque
480 1693 514 1755 in
532 1715 568 1756 ea
583 1692 862 1778 interrogatione,
887 1693 997 1774 cuius,
1020 1698 1047 1759 si
1064 1696 1163 1782 plena

110 1780 218 1849 uerbis
234 1778 479 1865 conciperetur,
507 1779 602 1866 prior
628 1800 704 1863 pars
725 1778 936 1862 negationem
959 1789 1033 1843 ante
1059 1803 1163 1844 oecu-

109 1876 223 1957 patam
243 1867 278 1929 in
296 1863 502 1941 rehaberet,
523 1885 582 1950 per
593 1885 679 1927 utrm
695 1899 736 1913 -
751 1870 800 1926 on
816 1864 1085 1952 exprimendam,
1107 1890 1163 1930 sc-

109 1952 219 2017 ennda
238 1973 333 2037 pars,
354 1970 437 2037 quae
455 1948 658 2013 contrarium
675 1951 840 2026 continet,
869 1949 915 2012 ita
938 1951 1065 2015 intendi
1081 1962 1163 2039 pot-

109 2047 179 2117 est,
204 2046 260 2117 ut,
284 2036 404 2098 omissa
429 2035 555 2120 priori,
584 2031 657 2143 ipsa
684 2031 800 2120 potior
823 2030 898 2116 fiat,
932 2043 965 2097 et
986 2037 1020 2099 in
1047 2033 1164 2102 locum

109 2122 280 2211 negandae
302 2121 351 2184 rei
371 2119 533 2183 succedat.
575 2119 691 2206 bequc
719 2118 813 2183 aliter
835 2120 872 2183 in
904 2119 1164 2208 interrogatione
1259 2196 1262 2202 ,

109 2208 151 2272 ad
170 2206 429 2271 affirmationem
451 2204 616 2267 inclinata.
667 2205 754 2269 Haec
780 2227 860 2270 vcro
887 2205 1016 2269 dicendi
1050 2208 1163 2275 forma
1274 2271 1277 2277 ,

109 2293 203 2358 adid
219 2312 324 2380 genus
343 2290 504 2378 pertinet,
527 2289 616 2374 quod
641 2290 767 2355 ironiae
782 2291 920 2355 nomine
944 2290 1161 2378 appellamus.
1223 2318 1224 2322 ¹

109 2379 176 2459 Vbi
193 2379 283 2444 enim
307 2399 379 2440 rem
400 2375 607 2463 probabilem
630 2376 682 2440 vel
705 2370 936 2440 affirmandam
958 2378 1011 2442 vel
1034 2401 1162 2466 negan-

109 2465 187 2529 dam
204 2466 317 2551 potius
332 2483 522 2539 censemus,
546 2459 610 2523 boc
636 2461 819 2525 indicamus
834 2462 985 2547 simulata
1001 2464 1053 2527 vel
1068 2467 1164 2530 ‹lissi-
1192 2455 1201 2503 l

109 2549 237 2616 mulata
250 2547 481 2635 probabilitate
496 2548 594 2631 (quae
612 2555 659 2608 est
675 2546 794 2629 ironia)
815 2570 854 2611 ex
870 2548 975 2611 aliena
991 2552 1162 2626 sententia,

109 2634 355 2720 tribuimusque
371 2632 464 2696 alteri
478 2631 636 2696 secundae
646 2633 730 2718 parti
747 2632 1017 2718 interrogationis
1034 2658 1163 2721 gravius

109 2721 266 2810 pondus,
289 2741 356 2806 quo
372 2717 431 2798 fit,
454 2728 491 2780 ut
514 2717 663 2780 cuidem
678 2717 784 2780 valeat
803 2718 894 2804 quod
914 2743 962 2782 an
973 2721 1099 2804 potine,
1123 2721 1163 2785 ob

110 2806 299 2882 vielmelzr,
320 2814 352 2868 et
369 2802 656 2889 interrogationis,
677 2824 759 2888 quae
773 2825 843 2866 non
858 2802 922 2866 nisi
937 2804 1163 2871 disiunctionis

113 2913 179 2980 ope
197 2885 391 2969 conficitur,
408 2888 557 2975 primum
565 2887 753 2951 membrum
773 2889 883 2951 omitti
897 2889 1013 2974 possit.
1045 2891 1083 2955 ln
1101 2893 1164 2957 bac
1240 2920 1244 2928 ·

112 2999 192 3044 vero
203 2974 723 3045 sententiarumtransmutatione
732 2978 1163 3065 necesseestmutarinega-

110 3056 214 3128 tinam
224 3071 256 3125 et
265 3059 495 3124 affirmativam
504 3056 660 3124 formam.
684 3059 807 3123 Dicunt
815 3059 1040 3146 igiturLatini,
1059 3085 1163 3150 quum

112 3149 153 3212 ad
180 3144 439 3211 affirmationem
455 3145 641 3223 inclinant,
653 3166 717 3230 pro
742 3168 853 3209 nerine
876 3146 1067 3211 hoscarum
1093 3147 1167 3214 est?

111 3233 212 3299 etiam
229 3256 276 3297 cn
291 3255 359 3295 non
382 3252 496 3294 cerum
511 3228 587 3294 eat?
606 3227 798 3318 anfalcum
813 3227 904 3307 est?,
926 3241 958 3296 et
980 3232 1036 3297 ubi
1061 3257 1164 3321 nega-

111 3320 242 3384 tionem
270 3327 345 3381 ante
375 3325 556 3401 compunt,
596 3334 660 3401 pro
688 3337 769 3378 num
804 3315 960 3402 quidest
992 3315 1167 3404 amplius?
1235 3348 1238 3352 ⁴

111 3407 212 3471 etiam
235 3426 282 3467 an
298 3400 445 3489 quidest
471 3397 646 3485 amplius?
673 3421 818 3485 quorum
842 3401 924 3465 illud
946 3403 1107 3490 significat
1129 3425 1163 3467 es

109 3489 189 3579 gibt
204 3488 393 3552 docbnielit
403 3482 644 3572 wichtigeree?
664 3484 731 3549 hoe
743 3484 821 3572 gibt
837 3511 871 3551 es
881 3486 1040 3552 eielmelrr
1054 3489 1135 3552 criel
1144 3525 1164 3536 -

111 3571 266 3664 tigerus?
282 3569 666 3658 siveodergidtesetwu
674 3569 744 3636 un?
762 3572 834 3635 Hoc
849 3573 950 3660 igitur
965 3573 1099 3637 tertium
1115 3583 1164 3637 est

135 3683 216 3726 enus
233 3657 500 3744 interrogationis
516 3657 553 3729 in
576 3653 751 3742 colloquiis
775 3679 814 3719 eo
838 3655 1040 3744 frequentius
1059 3658 1163 3723 adhi-

112 3685 242 3821 bitum,
266 3766 333 3831 quo
355 3743 459 3829 magis
482 3742 532 3806 vel
556 3741 737 3806 modestiae
760 3742 812 3807 vel
834 3743 1027 3807 urbanitatis
1051 3767 1163 3808 caussa

114 3832 155 3898 ud
173 3831 313 3897 alienam
327 3826 524 3892 sententiam
538 3827 752 3993 respicimus,
782 3827 876 3913 eique
896 3827 1082 3892 orationem
1096 3852 1163 3894 no-

112 3929 217 3983 stram
236 3913 538 3980 accommodamus.
618 3934 698 3976 uum
720 3913 838 3976 Cicero
863 3913 903 3976 ud
926 3914 1021 3977 Attio.
1046 3919 1084 3989 δ,
1110 3913 1162 3980 15.’

113 4001 248 4069 scribit:
268 3998 329 4065 red
343 3997 425 4086 quid
434 3995 563 4063 Curio?
585 4022 633 4062 an
648 3998 748 4062 illam
765 3999 955 4062 orationem
970 4022 1039 4063 non
1053 3998 1165 4086 legit?

114 4089 214 4171 dicit:
237 4087 358 4174 legitne
373 4082 465 4148 illam
484 4085 686 4162 orationem,
714 4105 755 4146 an
780 4105 850 4146 non
873 4080 974 4171 legit?
1002 4084 1162 4171 probabi-

111 4175 181 4261 lior
203 4174 335 4244 ridetur
356 4168 533 4256 sententia,
567 4169 747 4240 Curionem
770 4168 886 4257 legisse
910 4169 1096 4240 orationem
1129 4181 1161 4238 et
