2618 4770
157 323 224 391 240
453 314 648 398 Aquvl.
692 315 918 401 tuocum.

228 492 313 551 agere
332 469 459 528 modeste
476 470 603 542 videtur,
627 487 711 544 qaam
733 470 795 531 litis
807 462 1009 551 donadeus.
1027 460 1148 527 iadicem
1156 465 1201 543 fa·

226 566 302 625 ciat,
319 570 348 623 et
362 578 440 625 cum,
461 560 539 612 caius
553 561 677 629 cognitio
685 566 748 621 ¹est,
775 576 858 614 onere
871 556 985 615 liberat.
1013 559 1057 612 tu
1073 558 1198 627 legendus

229 666 305 712 ease,
317 645 360 698 vel
372 644 437 697 haec
452 643 598 715 particulae
614 643 777 699 constructio
792 655 931 725 utoustrat.
958 645 1001 713 12,
1020 644 1068 710 10,
1084 641 1129 699 68·

244 771 277 832 7.
319 764 532 849 Quamquam
555 763 671 838 unius,
704 761 796 850 quod
818 762 1056 851 exposuimus,
1084 759 1191 851 generis

161 861 259 929 eunt,
285 860 398 914 tumen
421 869 572 913 seorsum
588 870 626 913 ea
642 847 908 931 consideremus,
939 849 975 913 in
993 845 1113 935 quibus
1128 845 1190 910 dici·

36 1003 41 1013 ,
160 948 228 1016 tur,
245 933 415 1024 quomodo
429 934 490 1000 oei
516 956 551 998 su
565 956 619 999 ree
636 938 673 997 in
687 955 722 999 se
739 930 894 999 coutenta
907 932 1028 999 habeat
1068 952 1187 996 nouau-
1220 994 1225 1003 ,

119 1071 125 1091 i
162 1016 353 1089 cedentibus
368 1019 439 1085 aliis
456 956 574 1101 relus,
604 1039 688 1106 quae
711 1040 786 1084 eam
807 1028 965 1109 augeant,
993 981 1048 1089 vel
1068 1020 1186 1085 maleol-

157 1106 235 1177 'Nos
251 1106 410 1172 dicimusz
435 1128 484 1170 au
498 1105 589 1189 cicli,
618 1127 666 1169 aa
680 1104 754 1170 aiala
767 1105 881 1172 echon.
915 1150 918 1155 ·
1074 1112 1078 1117 '
1123 1126 1128 1137 ¹

267 1225 394 1291 Quinctil.
418 1223 457 1297 β,
479 1212 572 1290 liei.
604 1233 635 1280 et
658 1223 809 1300 Phrynen,
836 1243 894 1280 aon
917 1223 1076 1299 Hyperidis
1099 1224 1185 1281 actious

153 1312 156 1319 ’
231 1327 399 1384 quamquam
412 1308 576 1365 admirabili
582 1347 591 1375 ,
607 1308 658 1364 sed
675 1320 826 1382 conspecta
839 1314 973 1382 eorporis,
992 1308 1072 1383 quael
1084 1308 1185 1382 illusae·

123 1468 126 1473 Ι
230 1390 384 1453 eiosissima
398 1395 524 1468 alioqui,
543 1394 659 1451 diducta
673 1394 951 1461 acclamatorum,
967 1407 1073 1466 patant
1086 1393 1185 1469 pericula

234 1481 389 1537 liberatam.
422 1481 481 1536 i.o.
502 1491 641 1550 autequam
666 1481 773 1533 nudatis
800 1480 907 1551 papillis
927 1481 1056 1534 maiorem
1079 1482 1198 1535 incuteret,

232 1567 448 1621 admirationem:
466 1575 497 1619 at
514 1575 586 1618 recte
601 1563 778 1635 Spaldiugius,
803 1566 854 1630 10,
878 1562 975 1631 8,18.
1000 1561 1101 1636 isfuit
1118 1564 1186 1621 laliut

237 1653 340 1710 Floras
362 1655 392 1706 in
406 1649 568 1721 eloquentia
585 1647 766 1717 Galliarum,
792 1653 924 1722 quomam
946 1648 988 1706 ibi
1007 1650 1117 1707 demus
1131 1669 1186 1707 aaa

233 1742 291 1796 cuit
308 1755 387 1799 eam,
411 1737 559 1806 princeps,
576 1733 687 1805 alioqui
710 1738 784 1790 iuter
796 1736 902 1806 paucos
920 1735 1041 1791 disertas
1063 1747 1094 1792 ct
1110 1736 1187 1810 dignu

232 1824 288 1883 illa
313 1823 533 1894 propinquitate·
573 1820 739 1889 Spaldiugius
769 1822 848 1874 etiam
871 1823 916 1875 hie
942 1822 1065 1891 egregie:
1098 1825 1187 1888 qaum

233 1919 416 1980 praeterquam
431 1905 501 1973 quod
516 1905 660 1957 Galliarum
677 1908 706 1959 id
722 1907 873 1976 eloquentia
893 1907 1034 1977 princeps,
1058 1908 1196 1979 ubicunqes‘

234 2014 295 2050 eum
310 1994 440 2045 iudicares
449 2028 458 2059 ,
474 1991 544 2043 inter
561 2009 660 2060 paucos
674 1993 788 2046 disertus
801 1993 887 2045 erat.“
918 1991 954 2057 2,
973 1991 1007 2057 1,
1025 1990 1054 2045 4.

249 2117 283 2179 8.
315 2111 366 2176 Ad
380 2118 488 2173 totam
505 2107 648 2195 aliquam
662 2111 859 2175 sententium
882 2109 910 2175 si
932 2107 1098 2193 reserata,
1118 2108 1187 2177 olio·

210 2197 242 2282 ἰ,
271 2196 363 2285 quod
377 2204 427 2261 est
448 2193 520 2257 alio
542 2197 663 2274 modo,
684 2196 838 2262 anderen
851 2195 970 2275 Falla,
987 2196 1188 2285 comprehen-

192 2285 216 2348 ‘t
238 2305 372 2349 sensum
394 2279 591 2357 verboruma
621 2283 687 2347 nisi
708 2280 775 2346 hoc
803 2284 848 2347 itu
871 2280 1046 2364 sehabet,
1072 2278 1187 2368 quodsi

133 2400 137 2405 ’
167 2371 262 2437 aliter
277 2377 379 2436 esset:
399 2365 457 2431 ubi
474 2363 591 2432 Graeci
606 2377 769 2456 usuipaot
783 2364 898 2446 illue,
923 2389 985 2431 nos
1007 2364 1187 2458 custerduu

166 2468 280 2539 comt,
301 2453 471 2542 ponimus.
511 2454 585 2519 Hoc
602 2473 665 2517 usu
680 2452 810 2540 alioqui
831 2453 1029 2540 plerumque
1052 2452 1093 2519 ub
1114 2450 1188 2519 initio

168 2542 346 2611 sententiae
360 2540 516 2632 ponitur,
535 2561 607 2604 non
621 2561 765 2628 semper.
789 2539 894 2629 Saepe
909 2550 1021 2605 autem
1039 2535 1189 2625 coniungi·

168 2640 224 2697 tur
239 2632 400 2697 sententia
416 2625 660 2695 conditionalis.

269 2753 338 2805 Plio.
356 2753 405 2821 Ep.
421 2750 454 2816 1,
472 2751 524 2816 20,
548 2750 574 2804 1.
597 2748 629 2802 de
650 2748 795 2803 brevitate:
822 2763 905 2819 quam
927 2765 979 2822 ego
1004 2742 1192 2806 wulfelm
1225 2774 1228 2791 ι

235 2853 294 2892 ests
313 2836 468 2904 confiteor,
484 2840 510 2892 si
523 2854 623 2891 caussa
637 2838 791 2906 permittat.
812 2833 935 2906 Alioqui
944 2837 1145 2904 praevaricatio
1154 2838 1191 2890 etl,

235 2922 353 2975 transire
370 2919 497 2977 dicenda.
531 2922 616 2974 Tacit.
635 2924 703 2972 Anu.
720 2920 757 2985 2,
775 2918 819 2974 88.
838 2917 917 2973 dedit
932 2917 999 2983 tibi,
1020 2919 1151 2985 Hortalo,
1165 2914 1192 2969 D·

237 3006 383 3076 Augustus
403 3007 566 3078 pecaniam,
590 3005 640 3060 sed
663 3023 720 3058 noa
743 3002 944 3075 compellatus,
964 3024 1067 3059 necea
1087 3004 1158 3078 lege,
1171 3007 1194 3053 ¹3

238 3107 347 3160 semper
360 3089 480 3145 daretur.
516 3092 694 3162 languescet
709 3088 817 3157 alioqui
831 3089 978 3154 industria,
999 3089 1152 3145 intendetur
1162 3090 1195 3140 lo·

238 3174 350 3241 cordia,
370 3177 397 3228 si
415 3174 508 3230 nullus
529 3193 565 3230 aa
582 3192 613 3228 se
627 3184 716 3227 metas
729 3185 779 3226 aut
802 3190 878 3244 spes.
913 3167 1195 3241 Quinetil.2,17‚tt

236 3279 301 3325 nec,
327 3263 354 3314 si
374 3270 500 3332 pugnent
522 3263 593 3314 inter
617 3276 663 3323 se,
689 3263 738 3330 qai
759 3258 832 3312 idem
846 3258 1016 3321 didicerunt,
1036 3258 1139 3314 ideireo
1154 3272 1199 3318 aas,

237 3362 308 3418 quae
325 3350 432 3418 utrique
456 3345 564 3398 traditu
590 3354 646 3406 cst,
677 3363 734 3397 uon
756 3348 828 3398 erit.-
852 3342 962 3414 alioqui
983 3365 1034 3399 uec
1056 3360 1201 3400 armorum

236 3435 304 3503 quia
325 3449 409 3503 saepe
431 3430 608 3503 gladiatores
630 3425 682 3480 sab
706 3427 804 3482 codem
825 3434 961 3501 magistro
986 3429 1088 3485 eruditi
1104 3433 1204 3486 intuta

236 3527 449 3586 componuntur.
478 3515 496 3564 i.
513 3533 537 3566 ε.
559 3513 611 3562 nisi
625 3513 677 3564 hoc
694 3523 782 3581 esset,
807 3514 887 3565 etium
902 3533 1032 3566 armorum
1052 3517 1126 3568 nulla
1147 3523 1205 3568 caet

236 3619 280 3653 ars
295 3603 323 3652 iu
339 3602 390 3663 iis,
408 3599 453 3668 qui
468 3598 516 3648 sub
533 3598 627 3648 eodem
650 3598 775 3663 magistro
799 3599 896 3651 eruditi
917 3611 985 3653 aunt.
1012 3597 1047 3665 4,
1065 3603 1100 3666 2,
1119 3601 1161 3656 23.
1184 3600 1206 3666 1,

236 3687 271 3750 2,
287 3685 331 3736 46.
356 3685 422 3736 Plio.
444 3684 493 3750 Ep.
516 3680 548 3745 8,
568 3679 593 3730 8.
618 3679 752 3735 vidistine
776 3681 931 3753 aliquando
959 3685 1130 3739 Clitumnum
1146 3683 1210 3759 soa·

236 3772 318 3822 tem?
338 3772 371 3824 Si
386 3766 524 3828 nondum,
550 3765 592 3827 (et
609 3777 677 3833 puto
696 3765 841 3819 nondum:
858 3766 967 3838 alioqui
982 3789 1125 3828 narrasses
1140 3772 1219 3843 mila]

237 3854 312 3909 vide.
346 3856 404 3905 Alia
427 3851 534 3919 collegit
553 3850 711 3901 Schwurzius
726 3851 761 3902 ad
776 3853 873 3920 Paneg.
887 3873 913 3921 p.
928 3850 989 3905 554.

270 3961 302 4007 Io
315 3956 401 4010 Tacit.
415 3959 482 4007 Anu.
500 3953 551 4018 14,
571 3953 614 4005 61.
631 3954 709 4024 quod
723 3953 852 4023 alioquin
868 3973 948 4008 suum
962 3957 1121 4013 delictam?
1138 3978 1217 4033 quam

238 4044 400 4109 cuiusquam
424 4039 631 4112 effetatiouem?
658 4041 739 4091 verba
756 4056 811 4091 uon
830 4039 864 4091 ad
887 4044 1071 4097 antecedentia
1087 4058 1217 4116 spectant,

237 4127 266 4179 ia
280 4127 373 4195 quibus
386 4127 510 4195 Poppaea
524 4124 558 4177 de
574 4126 698 4192 Oetasu'a,
721 4142 777 4181 uou
792 4125 825 4179 de
839 4145 869 4180 se
880 4127 938 4198 ipsa
957 4129 1083 4200 loquitur·
1116 4135 1219 4198 Quum-
