2618 4770
544 340 646 410 nvn.
1045 329 1108 416 'sn

22 498 34 549 ·-'
131 496 218 557 ieiclrt
237 496 309 554 aucit
329 498 481 571 uiepandr
506 499 548 552 bis
571 497 686 569 positum
709 498 758 554 vel
782 499 899 553 strictam
923 500 1031 556 exhibet
1048 502 1108 561 dis·

127 588 302 640 iunctionem.
332 587 474 640 Antecedit
495 586 564 638 cuim
587 583 763 651 interrogatio
787 586 906 638 mirantis
932 591 1036 643 trumo?
1063 590 1107 643 oni

127 671 317 741 respondetur:
342 673 386 724 fec
406 689 463 724 esse
487 671 570 734 duos,
596 671 640 722 fac
657 688 714 722 esse
731 670 875 723 nerninem:
893 673 1005 727 alterum
1018 684 1109 741 ¹utrum

127 757 176 809 tibi
195 757 347 825 ponendum
363 768 420 823 est,
437 774 487 809 nec
504 744 592 809 tamen
608 774 652 806 res
671 765 795 807 mutetur.

172 842 297 895 Proculus
312 843 340 894 in
357 843 459 910 Digest·
479 841 522 904 50,
541 839 584 905 16,
603 837 662 892 124.
679 838 747 893 daec
761 838 845 894 verda
863 841 932 898 illa
948 854 1013 898 aut
1034 849 1048 902 i
1054 844 1067 900 l
1073 844 1108 904 lo

35 938 38 943 '
71 927 73 930 ’
126 941 184 979 nou
201 927 294 980 solum
313 926 519 992 disiunctivae,
544 923 595 978 scd
614 924 699 978 etiam
718 924 954 982 suddisiunctivaa
969 933 1108 987 orationis

125 1024 199 1064 sunt.
235 1012 441 1067 Diriuuctivuur
465 1020 524 1079 est,
548 1008 741 1082 volutianum
766 1010 899 1077 dicimus,
926 1024 989 1067 ant
1014 1015 1105 1083 dies,

125 1106 192 1149 aut
210 1114 280 1151 uox
305 1108 370 1153 ast.
397 1115 514 1168 quorum
531 1096 627 1166 posito
644 1092 736 1150 altero
766 1112 875 1151 necesso
901 1108 944 1154 cst
968 1098 1036 1156 tolli
1063 1100 1106 1156 al·

21 1232 26 1241 ,
124 1191 232 1236 terum.-
258 1186 325 1237 r'tem
350 1180 465 1234 sublato
490 1178 582 1233 altero
600 1183 671 1251 poni
687 1178 827 1234 alterum:
855 1185 898 1238 ita
922 1184 1009 1242 simili
1032 1187 1107 1260 figu-

124 1270 235 1321 ratione
260 1263 374 1320 varbum
398 1277 495 1337 potest
521 1283 580 1320 essa
607 1263 867 1322 subditiuuctiuum.
887 1268 1109 1327 Subditiuuctivi

71 1382 74 1387 ·
125 1363 219 1404 autem
245 1348 348 1421 garrera
372 1361 439 1404 suut
459 1349 524 1404 duo·
573 1350 679 1417 Vnum,
709 1369 792 1424 quum
816 1368 851 1405 cx
871 1359 1026 1426 propositis
1036 1357 1108 1429 fini.

125 1435 176 1488 bus
204 1437 245 1487 ita
270 1454 327 1489 nou
356 1445 452 1513 potest
479 1446 592 1508 uterque
618 1453 685 1502 esre,
724 1445 756 1490 ut
788 1441 882 1507 possit
912 1451 1007 1496 neuter·
1035 1461 1105 1510 asse,

55 1540 83 1571 ι,
127 1520 315 1592 velutiquum
336 1519 470 1588 dicimus,
498 1533 562 1574 aut
587 1521 694 1575 sudet
718 1532 784 1574 aut
807 1518 986 1577 ambulat.
1028 1527 1107 1583 Nam

43 1652 48 1665 ,
127 1617 160 1658 ut
185 1624 266 1660 nemo
289 1616 384 1677 potest
409 1616 552 1676 utrumque
572 1605 657 1659 simul
671 1600 788 1674 facere,
818 1609 860 1660 ita
883 1606 987 1681 uliquis
1009 1624 1107 1683 potest

40 1714 61 1757 ·.'
124 1702 268 1756 neutrum,
288 1690 377 1745 veluti
395 1691 485 1761 isqui
503 1689 649 1744 accumbit.
683 1689 812 1746 Alterius
827 1695 936 1763 generis
950 1704 1003 1760 cst,
1021 1715 1107 1768 quum

125 1795 160 1831 ex
179 1775 337 1847 propositis
350 1771 459 1844 finibus
483 1777 524 1829 ita
547 1792 604 1827 uon
627 1766 838 1846 potest‘uauter
863 1794 939 1840 assa,
964 1790 995 1831 ut
1013 1783 1106 1851 possit

32 1904 46 1923 .,
126 1872 272 1934 utrumque
291 1877 366 1922 esse,
390 1858 480 1912 veluti
506 1878 589 1931 qurum
608 1858 742 1929 dicimus,
761 1879 863 1916 omne
880 1865 1024 1918 aniural
1040 1877 1106 1920 aut

119 1942 230 2017 facit
258 1947 511 2016 autpatiturr
537 1941 645 1997 nullum
669 1948 817 2014 atenim,
837 1947 913 2020 quod
938 1969 987 2003 nec
1004 1946 1106 2022 faciat

80 2027 83 2030 ⁴
124 2035 333 2100 nccputiuturr
353 2039 385 2082 at
406 2038 502 2100 potest
521 2026 607 2083 simul
622 2040 650 2085 et
661 2025 762 2100 facero
779 2043 807 2085 ct
823 2037 894 2104 pati.
927 2037 959 2085 ln
974 2034 1016 2088 his
1033 2040 1104 2091 Pro·-

52 2113 60 2124 '
125 2117 198 2169 culus
217 2135 271 2168 non
288 2113 403 2167 attendit
420 2114 454 2165 ud
471 2115 612 2167 discrimen
630 2115 791 2169 direlsorum
809 2118 999 2187 exemplorum:
1019 2141 1105 2193 neque

123 2200 153 2253 iu
171 2199 401 2253 subdisiuuetionis
422 2199 493 2251 illius
514 2201 652 2267 generibus
672 2203 737 2271 poni
755 2211 845 2271 potest
862 2202 958 2272 duplex
970 2216 1035 2272 aut,
1056 2209 1105 2262 sed

124 2302 218 2337 unum:
243 2284 342 2354 duplici
368 2285 457 2352 posito
477 2286 651 2338 necessarium
671 2298 710 2338 est
729 2288 840 2340 alterum
856 2304 934 2338 unum
951 2307 984 2341 ex
1003 2290 1104 2345 duobus

123 2388 213 2424 verum
229 2355 295 2425 esse.
329 2370 400 2423 conl.
420 2369 474 2422 Cic.
494 2372 575 2423 dead.
593 2372 627 2439 2,
645 2371 696 2437 30,
716 2371 760 2425 97.
795 2373 868 2436 Quae
892 2373 1041 2427 Priscianus
1060 2377 1103 2446 16,

97 2504 101 2511 ,
127 2456 161 2516 1,
177 2455 203 2507 7.
219 2474 246 2524 p.
266 2455 343 2508 1029.
361 2456 494 2524 disputat,
513 2457 580 2507 falsa
601 2467 662 2507 sunt
682 2475 740 2509 enm
758 2455 828 2511 veris
846 2458 936 2508 mixta.
964 2461 1003 2511 Io.
1022 2461 1103 2518 Gonu.

124 2542 297 2613 ¹Schwartzius-
314 2543 343 2592 in
363 2543 478 2595 Gramm.
495 2560 523 2611 p.
545 2538 606 2593 750.
631 2559 706 2594 usum
735 2542 884 2615 duplicatae
902 2542 1048 2612 particulae
1068 2545 1103 2598 ad

108 2627 268 2699 ¹pleonasmi
288 2643 368 2693 genus
385 2627 478 2678 refert.
707 2642 746 2713 0
977 2610 983 2621 Ι
1103 2644 1105 2649 “

66 2762 69 2767 .
138 2710 210 2775 lam
227 2732 324 2775 usum
338 2709 518 2798 particulae
535 2723 597 2777 atat
611 2733 674 2801 per
688 2705 830 2799 singulas
854 2718 964 2797 partes
987 2733 1105 2800 perse·

78 2818 207 2863 uamur.

52 2820 81 2953 q,
137 2881 166 2946 l.
213 2887 242 2946 1.
272 2884 382 2970 Atque
397 2880 520 2980 ‹lulex
535 2899 608 2950 Avu
625 2918 669 2931 -
682 2898 755 2949 nvn
773 2902 838 2969 qua
858 2883 986 2947 ratione
1001 2903 1103 2949 usur-

52 2978 163 3058 petur,
180 2969 243 3032 iarn
258 2969 334 3033 satis
348 2969 475 3034 dictum
500 2979 559 3034 est.
632 2994 649 3033 a
666 2991 743 3034 vero
760 2969 800 3031 ad
815 2967 955 3054 logicam
971 2967 1104 3034 furmu-

52 3056 183 3118 tionem
197 3055 355 3140 pertiuct‚
376 3077 447 3120 non
470 3054 509 3119 ad
535 3053 729 3140 elegantium
752 3052 922 3135 dictionis,
944 3065 982 3118 ut
997 3054 1102 3120 Bent-

53 3138 137 3204 lcius
160 3141 285 3203 censuit
309 3141 350 3205 ad
363 3141 479 3207 Horat.
507 3147 543 3224 1,
567 3148 603 3223 1,
625 3144 656 3205 8.
679 3139 735 3205 sed
759 3139 815 3204 ille
838 3139 909 3226 ipse
926 3161 1001 3205 vera
1023 3163 1102 3204 sen-

55 3226 137 3288 sisse
152 3224 281 3289 videtur
303 3224 343 3289 ad
366 3227 476 3292 Curru.
497 3231 536 3308 8,
559 3232 616 3306 19,
643 3232 694 3290 11.
736 3223 915 3290 Necessitas
935 3225 1105 3307 ssbffilflliii

56 3298 284 3391 disiunctionis
300 3333 341 3374 ex
367 3313 516 3394 rimitur,
539 3321 571 3376 et
585 3333 687 3396 aequa
706 3321 752 3374 est
769 3312 988 3408 opposrtronis
1006 3312 1102 3375 rullo·
1180 3348 1182 3352 Α

55 3397 170 3477 Quare
194 3418 259 3459 ram
282 3385 468 3461 Diomede‘i'
509 3442 517 3459 .
537 3399 611 3460 411.
633 3412 704 3462 AVT
723 3397 913 3460 coniunctio
929 3395 1102 3460 dubitati-

57 3502 146 3557 vum‚
161 3480 193 3544 si
205 3481 410 3568 geminetur,
427 3419 528 3546 ladit
543 3492 759 3580 potestatem,
779 3491 817 3545 ut
833 3480 891 3569 qui
904 3480 999 3561 dicit,
1023 3491 1102 3545 aruir
1174 3535 1177 3538 .

55 3565 215 3631 librum
234 3565 327 3632 volo
344 3578 644 3654 auctmentum,
663 3577 839 3656 utrumque
857 3588 897 3632 au
915 3587 1022 3654 aequo
1039 3564 1102 3633 de-

54 3651 212 3718 sidercre
229 3649 420 3740 siguificat.
468 3696 472 3703 -
780 3649 783 3655 ’

161 3755 216 3806 Cic.
240 3754 320 3805 Acad.
342 3752 377 3825 2,
400 3750 451 3817 30,
479 3750 521 3804 96.
548 3762 614 3819 aut,
639 3752 778 3826 quidquid
799 3752 884 3822 igitur
901 3747 998 3804 eodem
1014 3751 1099 3805 modo

125 3838 313 3900 concluditur,
338 3835 514 3907 probabilius
540 3848 591 3890 aut
607 3856 652 3891 ars
675 3843 733 3893 ista
753 3835 835 3890 nulla
852 3845 903 3888 est.
936 3835 1007 3887 Male
1024 3839 1100 3889 fece-

124 3933 206 3990 runt,
223 3923 267 3992 qni
283 3920 356 3992 prius
373 3932 423 3975 ant
440 3923 604 3975 abiecerunt:
622 3923 651 3975 id
665 3924 734 3976 enim
750 3919 925 3973 necessarium
942 3929 992 3975 est.
1022 3923 1101 3986 Quod

124 4024 188 4060 vero
207 4007 366 4060 Goerenzius
388 4006 416 4058 in
434 4008 563 4076 particula
581 4008 683 4079 igitur,
707 4024 762 4058 non
779 4015 840 4075 apto
860 4007 920 4057 loco
937 4005 1056 4073 inserta,
1073 4017 1101 4058 et

125 4092 154 4144 in
179 4092 288 4144 diversis
317 4091 479 4160 temporibus
504 4093 599 4144 iunctis
624 4091 752 4156 offendit,
773 4093 836 4161 ipse
859 4106 927 4142 nunc
951 4092 1100 4161 expeditum

124 4176 248 4232 hebebit:
275 4194 336 4230 nam
367 4193 433 4247 quae
458 4178 586 4248 temporis
610 4177 747 4233 diversitas
778 4178 925 4231 admittitur
947 4187 1010 4249 pust
1033 4178 1099 4230 sirn-

737 4263 821 4328 84*
