2618 4770
201 303 266 367 aaa
509 314 512 321 ·
588 286 764 380 ATQVE..
795 294 866 362 nc.

153 408 156 415 Ι
208 453 301 519 Caes.
315 450 358 516 B.
372 449 456 517 Gall.
471 452 513 530 4,
534 451 588 518 25.
611 451 650 516 Β.
676 453 745 518 Cir.
760 455 798 527 2,
822 453 875 514 29.
909 447 950 514 ad
977 447 1066 513 Suet.
1097 447 1193 512 Caes.
1209 447 1253 513 85.

208 537 390 605 Ruhnken.
406 536 446 602 ad
465 535 602 602 Terent.
628 538 733 602 Andr.
752 543 788 616 1,
810 541 850 610 3,
871 539 925 599 20.
952 534 1121 601 Goerenn.
1137 532 1178 596 ad
1195 533 1256 596 Cic.

187 640 192 664 ¹
209 623 308 690 head.
323 629 355 688 2.
371 647 407 713 p.
427 628 478 688 12.
502 623 656 687 Beierum
674 624 715 687 ad
732 623 800 686 Cic.
817 619 918 684 offic.
934 619 977 683 Τ.
998 625 1033 709 1.
1044 642 1081 706 p.
1099 620 1155 682 81.
1175 618 1257 682 Mat-

209 709 297 775 th'iac
314 709 361 774 ad
385 709 451 772 Cic.
476 731 511 795 p.
536 709 623 774 Mur.
649 712 710 790 (14,
734 713 787 773 71.
813 707 847 770 in
874 700 1022 785 carita,
1048 709 1109 779 12,
1134 708 1189 768 27.
1222 703 1258 766 Et

211 795 354 860 aflerunt
367 794 391 858 ii
407 802 576 858 auctorem
592 795 689 858 huius
709 793 889 858 sententiae
912 791 1107 868 Donatum,
1142 789 1200 874 qui
1225 788 1258 851 ad

210 880 347 946 Terent.
362 880 463 944 Andr.
481 889 517 960 1,
540 886 580 958 8,
601 885 654 944 20.
672 879 770 944 haece
793 889 925 964 atque
970 898 1010 940 ro
1034 887 1207 956 tumen,
1229 885 1260 937 nt

210 967 274 1030 eit.-
300 977 446 1029 tumen
469 965 586 1052 ipris
605 975 927 1049 commentump
956 973 1069 1026 acet.
1117 959 1261 1024 111111111-

210 1049 502 1139 probabanthaec.
542 1051 669 1132 Nemo,
690 1049 780 1138 quod
803 1048 920 1129 sciam,
942 1049 1049 1135 ipsam
1063 1068 1151 1111 -rem
1176 1045 1262 1109 eius·

211 1159 276 1224 que
290 1157 438 1200 caussam
453 1137 531 1202 satis
547 1137 716 1226 explicuit.

294 1261 593 1351 Adl'ffi‘llllillssr
616 1287 717 1352 quum
744 1264 857 1332 dicunt
883 1263 1006 1334 inesse,
1034 1259 1264 1339 omninnmh·

211 1344 330 1412 horret
341 1342 465 1414 abhoc
487 1342 666 1416 vocirbulo:
696 1373 767 1416 eam
792 1351 880 1416 enim
906 1345 1039 1412 exhibet
1062 1345 1264 1410 vocabulum

178 1472 181 1493 .
212 1418 436 1500 ‹itt-'‘iiiimen
456 1436 568 1523 negari
585 1458 655 1500 non
678 1448 808 1526 potest,
831 1432 1027 1521 quibusdam
1043 1431 1077 1495 in
1096 1431 1182 1495 locis
1200 1448 1265 1496 AT·

214 1534 286 1592 QVE
302 1520 347 1583 ita
364 1524 528 1609 usurpari,
546 1532 582 1585 ut
596 1545 659 1608 pro
676 1535 793 1588 tomen
809 1521 959 1608 positum
977 1539 1046 1583 esse
1062 1517 1172 1581 videri
1188 1538 1265 1603 pos·

213 1602 266 1666 sit.
325 1606 410 1669 Sunt
443 1629 520 1672 vero
541 1606 616 1671 'loci
639 1608 680 1690 ii,
717 1609 774 1696 qui
802 1606 866 1671 hnc
895 1604 1083 1693 pertinent,
1126 1601 1264 1688 duplicis

155 1759 158 1764 ,
212 1692 351 1774 generis.
394 1691 432 1755 In
450 1693 519 1757 aliis
536 1695 742 1793 enimgtpue
759 1703 1029 1789 prunetum,
1051 1687 1088 1751 in
1109 1688 1184 1753 aliis
1204 1710 1263 1773 pro
1300 1692 1303 1697 '

214 1785 315 1874 epipam
329 1776 428 1858 adeo,
445 1778 486 1842 de
503 1801 569 1865 quo
586 1801 686 1867 supra
698 1780 765 1844 ra'i'n
778 1770 1108 1862 dixiiiiiiffi'r'd‘nitur.
1156 1774 1265 1838 Potest

214 1866 303 1923 enini
314 1860 414 1927 filiunt
432 1866 611 1929 sententiae
633 1866 756 1952 aliquid
778 1863 872 1936 addi,
905 1861 995 1948 quod
1021 1859 1061 1923 ab
1087 1882 1131 1923 eo
1157 1859 1263 1924 diver·

121 1992 124 1996 »
214 1966 288 2008 surn
312 1957 344 2009 ct
361 1950 564 2014 contrarium
585 1951 748 2032 videatur,
772 1945 1262 2033 etiamsiipsamnontollataut

213 2030 390 2116 infringat:
413 2034 563 2100 sicunfit
581 2038 617 2100 in
640 2034 930 2101 coniunctionibus
945 2032 1156 2113 concessivis.
1200 2032 1260 2095 Po·
1302 2038 1304 2093 ἱ

101 2118 103 2123 ’
212 2118 304 2181 nitur
320 2120 549 2205 igitur-tumen
574 2118 615 2186 'ad
637 2120 845 2186 indicandam
870 2120 946 2199 rei,
962 2139 1046 2204 qnae
1069 2117 1261 2202 opponitur,
1302 2124 1304 2129 '

214 2206 445 2269 constantiam.
490 2207 554 2272 Vbi
577 2229 656 2272 vero
683 2217 814 2294 praeter
836 2205 921 2269 hanc
947 2227 967 2267 o
992 2203 1203 2290 positionem
1225 2223 1260 2264 ex
1302 2228 1305 2245 =

213 2297 307 2373 parte
323 2294 533 2377 conspicuam
558 2295 654 2356 etiarn
672 2291 707 2356 id
722 2290 903 2379 significare
925 2227 1063 2369 volunt,
1088 2310 1161 2373 quo
1186 2287 1259 2350 duae
1302 2310 1305 2357 l

189 2408 193 2419 ·
214 2377 392 2438 sententiae
413 2377 501 2441 inter
522 2400 556 2442 se
585 2379 754 2464 aequalem
778 2378 846 2442 vim
867 2375 1047 2439 habentet
1072 2373 1256 2452 cohaerent,

215 2456 345 2520 addunt
359 2462 466 2525 Latini
489 2475 606 2550 atque,
629 2487 696 2551 quo
713 2464 847 2552 quidem
862 2462 1042 2536 indicatur,
1066 2459 1196 2523 etiamsi
1214 2457 1256 2521 cl-

214 2552 349 2607 tereres
368 2567 441 2627 vera
457 2548 499 2610 sit
515 2560 546 2613 et
567 2561 711 2631 constet,
737 2572 838 2636 acque
852 2559 963 2611 tamen
986 2541 1139 2608 alteram
1154 2565 1255 2608 veram

215 2650 284 2691 esse
309 2640 341 2692 et
365 2643 524 2698 constare.
566 2636 604 2699 ln
620 2635 769 2701 Terentii
790 2634 893 2700 Andr.
919 2638 954 2706 1,
976 2637 1015 2710 3,
1035 2635 1089 2713 20.
1113 2629 1179 2694 dici
1202 2650 1256 2715 po·

213 2723 316 2778 terat:
338 2718 424 2782 milri
440 2743 508 2783 iton
515 2717 566 2806 set
581 2722 780 2786 verisimile.-
802 2732 919 2784 tomen
933 2717 1019 2803 ipsis
1035 2715 1258 2779 commentam

209 2799 339 2884 placet.
358 2803 380 2866 i.
395 2825 423 2868 e.
449 2827 649 2892 quamquam
671 2806 755 2871 mibi
778 2829 848 2870 non
871 2803 907 2867 fit
929 2800 1125 2884 verisimile,
1152 2813 1258 2863 tamen

215 2907 283 2947 non
294 2885 349 2969 fic,
365 2899 403 2952 ut
420 2890 488 2971 aliis
504 2892 568 2955 illis
585 2890 1045 2989 commentumnonplaceat‚
1065 2888 1172 2951 sedre
1188 2905 1257 2948 vera

213 2970 330 3057 placet.
345 3031 348 3036 .
362 2974 453 3038 Tum
469 2977 567 3040 etiarn
582 2978 644 3041 dici
658 2989 805 3064 poterat:
826 2977 911 3040 milri
928 2997 996 3040 non
1003 2969 1054 3060 fit
1069 2970 1257 3051 verisimile,

213 3068 247 3119 et
281 3069 398 3122 terreo
424 3063 509 3146 ipsis
532 3076 757 3129 commentum
786 3060 920 3148 placet.-
953 3081 1019 3146 quo
1048 3056 1257 3142 significatur,

214 3141 391 3208 cohaerere
419 3158 595 3234 utramque
621 3172 704 3213 rem.
726 3221 729 3226 V
748 3149 898 3233 Denique
921 3145 1002 3209 haec
1028 3143 1153 3224 verba:-
1180 3139 1259 3205 milri

188 3270 192 3275 -
213 3251 282 3292 non
286 3227 337 3315 fit
356 3231 553 3313 verisimile,
579 3247 754 3299 aeramen
778 3234 863 3319 cpaie
888 3241 1114 3296 commentum
1133 3228 1258 3314 planet.

213 3336 347 3397 sensum
361 3314 483 3380 habent
509 3318 613 3383 hunc:
636 3320 720 3385 mihi
743 3341 813 3383 non
837 3317 875 3382 fit
896 3313 1089 3388 verisimile,
1113 3324 1146 3376 et
1173 3322 1207 3376 nt
1228 3309 1260 3373 id

135 3440 137 3444 ,
214 3410 282 3480 est,
300 3401 346 3464 ita
361 3401 458 3465 etiam
475 3403 539 3467 hoc
559 3428 660 3491 aeque
678 3417 744 3485 est,
772 3404 841 3468 aliis
866 3403 996 3489 placere
1020 3409 1259 3463 commentum.

213 3485 282 3547 Nos
301 3485 336 3548 id
352 3489 539 3574 exprimere
553 3491 697 3555 solemus
714 3513 774 3576 per
785 3487 985 3578 gleiehwol,
1014 3486 1049 3549 in
1074 3505 1143 3570 quo
1163 3481 1260 3548 verbo

207 3568 312 3633 'altera
330 3595 427 3658 pars,
447 3575 579 3661 gleielc,
609 3577 778 3663 aequalem
801 3576 867 3639 vim
894 3573 1063 3658 utriusque
1087 3570 1138 3633 rei
1160 3577 1261 3632 notat.

214 3655 321 3719 Latini
338 3669 446 3722 autem
465 3660 622 3725 omittunt
645 3660 846 3750 saepo'illud
870 3671 1005 3745 tunt-en,
1028 3665 1060 3720 et
1086 3655 1261 3739 aequalita-

212 3751 282 3805 tem
302 3752 449 3826 tantum,
475 3768 538 3832 qua
563 3748 644 3812 duae
668 3748 812 3812 diversae
837 3738 1015 3808 sententiae
1039 3741 1260 3818 continentur,

212 3827 315 3891 verbo
332 3840 432 3915 utqne
447 3832 630 3920 designant.
666 3832 714 3896 Ita
732 3832 908 3897 Terentius
927 3828 1026 3893 dixit:
1049 3826 1100 3889 mi
1110 3875 1119 3902 ,
1140 3823 1260 3896 hercle,

213 3936 282 3976 non
291 3909 342 3998 fit
357 3917 555 3983 verisimile.-
577 3931 678 4007 utque
694 3918 779 4004 ipris
798 3927 1023 3981 conrmealum
1042 3911 1175 3997 placet.
1218 3909 1263 3972 lta

214 3999 303 4062 enirn
321 3999 532 4067 scribendum
556 4016 643 4085 erat,
665 4014 702 4067 ut
726 4002 852 4090 antiqui
866 4002 942 4065 libri
966 3998 1145 4075 exhibent,
1170 3994 1265 4082 quid-

214 4084 294 4169 quid
312 4085 416 4150 critiei
432 4087 542 4154 dicant
558 4090 598 4156 de
616 4113 696 4157 voce
713 4090 762 4154 mi
781 4111 849 4154 non
866 4085 1026 4153 elidenda.
