2618 4770
338 267 341 271 ’
409 309 740 413 1161616.-
858 374 860 379 ,
1048 282 1169 376 sir.

132 477 185 548 que
201 471 280 536 alia,
297 483 383 545 atque
400 470 469 526 alia.
486 469 548 524 uid.
566 469 648 520 Hudr.
667 467 800 520 cardinal.
814 485 841 537 p.
860 464 903 521 59.
920 485 944 518 a.
964 468 1016 520 Iac.
1037 468 1111 520 Gro-
1136 518 1139 523 .

129 580 192 626 nor.
204 560 237 612 ad
250 559 328 612 uell.
345 557 380 623 7,
400 556 442 609 14.
463 554 663 609 Drakenborch.
680 555 714 605 ad
734 554 780 604 sit.
799 555 859 606 Ital.
879 560 911 620 1,
931 553 975 623 93.

59 734 69 743 ,
142 664 174 728 5.
207 663 287 726 Post
308 682 369 725 nec
392 659 530 746 ponitur
553 669 709 744 atqueeo
733 656 857 738 modo,
879 681 945 744 quo
962 670 1013 734 et,
1039 681 1112 747 que,
1151 680 1156 687 ·

25 740 31 747 ’
58 747 146 833 apud
164 760 282 835 poetas
299 745 432 833 quidem
452 754 484 808 et
499 745 696 808 recentiores
712 743 899 828 scriptores.
940 743 1112 811 Ernestius

59 833 102 896 ad
122 833 258 897 Sueten.
270 834 367 918 Vesp.
388 835 437 894 12.
456 829 607 916 loquitur
621 838 792 913 tamquam
807 827 847 891 de
862 852 899 893 re
918 837 1112 918 pervagata:
1206 861 1209 866 ·

58 917 118 982 scd
137 942 212 983 rara
236 927 313 982 sunt
335 916 487 1002 exempla
511 921 543 978 et
562 935 666 994 nova,
695 923 727 977 et
748 913 946 1000 plerumque
968 917 1004 980 in
1028 939 1113 981 con·
1209 933 1215 951 ¹

13 999 23 1017 ⁸
59 996 230 1069 iunctione
257 1004 392 1068 aliarum
418 1000 675 1087 particularum,
695 997 794 1064 veluti
811 1023 853 1064 uc
868 1002 1048 1083 -etium,
1070 1027 1113 1068 ac

58 1090 184 1153 minua.
227 1087 447 1152 Ruhnhcnius
465 1085 507 1149 ad
523 1084 638 1150 Vellei.
660 1085 695 1147 P.
713 1089 754 1164 2,
777 1085 830 1149 44.
850 1108 988 1173 prorsus
1011 1111 1112 1175 repu-

59 1176 161 1240 diavit
178 1175 364 1238 doctrinam
380 1194 420 1234 cx
435 1171 518 1234 locis
533 1170 702 1235 mendosis
719 1169 850 1234 ductam
867 1182 898 1236 ct
915 1173 1091 1238 conflatam
1103 1201 1127 1240 z·

60 1261 119 1325 sed
140 1283 239 1347 quem
256 1271 426 1323 auctorem
443 1255 539 1321 huius
556 1255 737 1320 sententiae
759 1253 880 1336 laudat,
895 1257 1061 1324 Bentleius
1080 1271 1113 1324 et

38 1347 94 1419 ,in
112 1349 226 1411 Horat.
249 1343 312 1430 Ep.
338 1347 394 1423 16,
416 1347 447 1406 6.
469 1343 558 1406 etin
583 1342 691 1405 Scrm.
716 1347 752 1420 1,
772 1344 810 1420 6,
832 1345 885 1405 68.
910 1345 1112 1433 corrigendis

63 1432 126 1497 ulia
152 1432 302 1521 pensavit
326 1428 537 1516 argumenta,
562 1450 630 1492 non
646 1425 824 1515 particulae
838 1427 965 1513 vitium.

167 1533 282 1585 Martial.
308 1530 358 1595 11,
385 1529 435 1594 32,
463 1527 489 1582 4.
522 1549 571 1583 nec
603 1529 691 1583 clavis
724 1548 773 1582 nee
807 1532 883 1582 canis
912 1541 1007 1602 atque
1029 1532 1113 1588 calix.

135 1621 219 1670 Tacit.
243 1622 305 1684 Agr.
331 1619 373 1668 10.
399 1627 528 1669 naturam
560 1615 667 1670 Oceani
690 1625 776 1686 atque
799 1625 892 1667 aestus
918 1635 1006 1687 neque
1031 1636 1114 1688 quae·

133 1724 192 1758 rere
210 1703 291 1754 huius
311 1704 405 1770 operis
425 1705 477 1767 ist,
504 1722 536 1754 ac
557 1701 639 1753 multi
653 1701 780 1755 retulere.
815 1705 922 1757 Sueton.
940 1705 1049 1771 Vespas.
1071 1704 1114 1758 12.

135 1789 354 1841 mediocritatem
372 1790 521 1856 pristinam
538 1806 625 1858 nsque
642 1785 834 1840 dissimulavit
849 1804 988 1857 umquam,
1006 1807 1039 1839 ae
1050 1785 1115 1856 sre-
1138 1810 1141 1815 ·

133 1884 247 1944 quenter
265 1875 349 1925 etiam
366 1892 435 1941 prae
458 1889 488 1925 se
513 1870 587 1925 tulit.
611 1872 664 1924 vid.
683 1890 775 1934 unove.
813 1874 885 1934 Quae
905 1874 1064 1925 Schwarzius
1080 1874 1115 1924 ad

133 1961 202 2011 Plin.
219 1960 312 2024 Paneg.
328 1955 371 2009 86.
388 1976 415 2025 p.
432 1955 492 2011 537.
505 1957 607 2037 affert,
628 1957 724 2010 diversi
744 1967 805 2008 sunt
821 1958 933 2025 generis.

149 2067 182 2125 6.
216 2060 355 2140 Eorum,
376 2062 461 2145 quae'
474 2060 727 2147 proposuimus,
751 2061 923 2125 veritatem
939 2061 1024 2126 nihil
1040 2084 1115 2125 mu·

61 2150 111 2235 gis
129 2146 345 2232 comprobat,
368 2167 467 2230 quam
486 2156 662 2233 poetarum
687 2146 894 2230 aliorumque
911 2147 1115 2234 scriptorum
1212 2162 1232 2187 *¹

62 2256 152 2314 usus,
176 2254 242 2317 quo
258 2229 439 2318 praemis'so
458 2243 559 2318 atque
574 2231 770 2318 proximum
786 2233 918 2297 additur
932 2255 1048 2319 neque.
1111 2270 1115 2281 ·

177 2337 284 2386 Sueton.
308 2335 380 2384 Caes.
398 2332 439 2385 18.
460 2334 493 2385 ac'
514 2351 602 2404 neque
619 2344 710 2399 more,
734 2351 820 2406 neque
840 2339 898 2388 iure
918 2361 952 2374 «-
968 2331 1115 2406 profectus

134 2431 184 2474 est.
220 2419 308 2470 Celsus
331 2419 364 2486 1,
386 2419 411 2470 1.
431 2437 516 2472 sanus
540 2419 623 2473 honre
641 2449 675 2462 -
695 2421 782 2475 nullis
802 2420 929 2490 obligare
953 2440 982 2474 se
1008 2419 1116 2493 legibus

134 2505 233 2558 debet:
262 2524 295 2556 ac
321 2521 407 2574 neque
432 2503 557 2568 medico,
593 2522 679 2574 neque
707 2506 876 2576 iatroalipta
911 2525 998 2577 egere.
1027 2508 1060 2572 1,
1088 2509 1115 2563 2.

127 2573 166 2655 ’2,
189 2592 213 2643 1.
232 2593 329 2660 siqua
346 2591 431 2642 etiam
447 2608 549 2660 genera
571 2588 727 2642 morborum
747 2594 776 2645 in
795 2588 935 2661 infantem
953 2591 1118 2658 inciderunt,

133 2696 167 2728 ac
186 2691 273 2744 neque
288 2673 450 2743 pubertate,
469 2692 556 2746 neque
572 2677 671 2744 primis
693 2673 830 2741 coitibus,
852 2694 939 2746 neque
960 2681 989 2731 in
1005 2673 1117 2745 femina

134 2763 234 2830 primis
253 2764 399 2813 menstruis
411 2754 506 2828 finita
526 2771 599 2814 sunt.
627 2771 654 2812 et
678 2758 715 2810 sic
735 2761 894 2828 saepissime.
923 2760 956 2825 7,
972 2760 1015 2815 23.
1034 2772 1119 2832 atque

135 2861 221 2913 neque
245 2847 350 2897 assumi
369 2834 463 2913 facile
491 2842 583 2909 cibus,
615 2861 701 2914 neque
726 2847 862 2899 contineri
886 2857 988 2916 potest.
1030 2848 1118 2915 Targa

135 2930 252 2981 correxit
276 2948 310 2981 ac
331 2946 427 3000 neque.
460 2929 569 2981 Dubius·
578 2940 618 2982 est
636 2932 710 2981 locus
728 2929 760 2994 8,
779 2930 804 2982 1.
822 2950 849 3000 p.
871 2929 930 2983 504.
950 2933 994 2984 ubi
1012 2934 1117 2986 codices

133 3015 260 3082 praebent
276 3032 309 3066 ae
325 3031 412 3083 neque
429 3015 500 3068 inter
519 3014 667 3068 disrissr‘ma
686 3033 751 3066 ossa
769 3017 987 3071 numerandum:
1013 3019 1116 3087 dequo

133 3099 186 3150 vid.
206 3099 309 3164 Targae
328 3099 410 3166 Epist.
428 3117 454 3167 p.
474 3097 534 3150 560.
570 3100 658 3151 Valet.
683 3101 770 3152 Flacc.
794 3100 828 3165 4,
855 3101 914 3154 128.
937 3114 1023 3174 atque
1041 3103 1114 3156 adeo

134 3199 221 3253 neque
239 3200 289 3252 ego
309 3180 379 3235 hane
396 3188 479 3238 motis
498 3193 621 3238 avortere
640 3186 730 3237 ventis
752 3188 861 3240 tentavi
876 3193 1004 3258 tenuique
1020 3182 1117 3252 ratem,
1183 3204 1186 3209 ·

137 3287 185 3320 nec
204 3270 260 3320 iam
278 3285 356 3320 mora
375 3262 541 3323 nrorti'hr'nc
559 3272 612 3324 erit
625 3268 688 3322 utta
705 3281 778 3325 tuae.

150 3373 181 3431 7.
215 3368 326 3432 Potest
345 3392 381 3434 ea
398 3371 554 3435 orationis
579 3395 674 3458 pars,
697 3373 748 3436 cui
772 3369 917 3460 praefixa
942 3383 989 3436 est
1011 3371 1117 3460 parti-

66 3453 138 3518 cula
164 3476 224 3529 uc,
261 3455 390 3541 lougius
414 3479 431 3518 a
454 3455 590 3542 reliquis
621 3454 776 3540 distrahi,
811 3456 897 3522 inter
924 3457 1014 3522 ositis
1047 3456 1117 3522 aliis

65 3540 255 3622 sententiis:
277 3540 312 3603 id
328 3540 418 3627 quod
434 3541 541 3628 ipsam
555 3541 726 3631 distinguit
741 3567 759 3608 a
773 3481 934 3631 particuih
953 3554 996 3606 et.
1036 3601 1049 3622 ,

172 3641 226 3692 Cic.
246 3645 320 3693 Orat.
339 3642 389 3708 14,
408 3641 452 3698 43.
474 3648 606 3714 quoniam
622 3650 677 3701 tria
692 3645 814 3700 videnda
832 3654 897 3698 sunt
914 3648 1029 3706 oratori,
1050 3644 1119 3714 quid

136 3723 228 3793 dicat,
247 3738 275 3780 et
292 3745 345 3797 quo
364 3729 483 3799 quidque
502 3727 564 3782 loco
591 3730 803 3802 et‘quomodor
829 3726 975 3781 dicendum
1004 3733 1117 3799 onznino

136 3820 195 3872 est,
217 3811 284 3880 quid
303 3817 341 3866 sit
362 3819 500 3884 optimum
525 3819 554 3869 in
578 3815 713 3890 singulis,
737 3815 786 3869 sed
811 3813 958 3884 aliquanto
982 3831 1058 3867 secus
1076 3824 1120 3866 at·
1139 3842 1155 3869 ·.

135 3910 188 3964 que
208 3899 236 3948 in
255 3898 392 3953 tradenda
410 3911 470 3954 arte
497 3898 556 3954 dict
572 3899 654 3954 solet.
690 3899 782 3952 Nulla
805 3909 954 3969 praecepta
983 3914 1120 3967 ponemus

136 3980 237 4050 (neque
255 3986 327 4036 enim
346 3982 376 4034 id
393 3986 598 4055 suscepimus),
618 3984 668 4039 sed
685 3982 846 4039 excellentis
865 3983 1041 4054 eloquentiae
1058 4002 1120 4053 spe·

138 4067 206 4118 ciem
232 4076 262 4120 et
278 4063 408 4136 formam
428 4059 681 4142 iahmbrabimus:
706 4088 756 4123 nec
772 4066 871 4137 quibus
890 4067 971 4123 rebus
988 4088 1021 4123 ea
1040 4086 1119 4139 pare-

137 4159 189 4217 tur,
206 4168 393 4224 exponemusc
409 4155 459 4225 sed
476 4155 567 4227 qualis
584 4153 667 4230 nobis
682 4171 742 4212 esse
758 4154 896 4212 videatur.
927 4153 970 4209 Ac
981 4152 1043 4231 'cluo
1062 4150 1119 4209 hre-
1204 4229 1208 4235 ἱ
