2618 4770
320 288 324 297 ’
398 336 401 347 ’
510 277 710 392 sitimve.
774 333 817 372 ν
1072 265 1141 395 ᾗ»,

109 464 332 554 amiantos,
346 471 470 537 statim
484 464 735 541 domnureutrs
749 473 780 537 ei
795 471 1056 540 oaueeaidoneo
1071 498 1140 541 non
1236 530 1239 537 .

109 569 176 625 eset
193 557 244 624 ad
258 557 528 642 damnationem,
552 557 682 625 absolui
696 567 814 625 tumen
827 571 1035 647 nonpossint,
1052 582 1138 625 om-

109 643 214 712 ·iius
233 645 623 731 pronuntiaretur.
1075 666 1083 675 ·

194 765 252 819 cic.
268 768 341 818 Brut.
357 763 408 831 22,
432 764 475 816 86.
503 785 586 837 quum
603 763 747 830 eonsules,
771 784 802 819 re
823 763 939 828 audita,
964 762 1087 836 emplius
1104 761 1142 818 ἅθ’

120 870 123 877 ·
159 849 273 905 consilii
290 851 427 904 sententia
443 851 717 921 pronuntiaoissent,
735 854 834 921 pausis
851 854 1025 922 interpositis
1042 846 1141 906 diebus

159 938 260 993 iterum
278 934 412 990 Laelium
431 935 519 989 multo
538 935 703 1009 diligentius
718 937 873 1011 meliusque
891 936 1005 990 dixisse.
1025 936 1139 988 invest.
1243 936 1245 941 “

151 1010 244 1087 ’1,9,
263 1018 307 1074 26.
340 1020 372 1084 1,
396 1018 446 1085 29,
468 1017 511 1072 74.
547 1022 616 1074 Hine
640 1021 780 1093 ampliata
805 1039 914 1075 caussa.
946 1020 1000 1074 cio.
1017 1011 1044 1088 pi
1062 1022 1138 1073 Gaee.

164 1106 212 1172 10,
232 1104 275 1158 29.
309 1105 424 1158 Brisson.
446 1106 478 1158 de
494 1106 609 1159 Formul.
633 1105 669 1171 6,
691 1106 751 1159 214.
778 1125 805 1177 p.
820 1104 881 1159 454.
900 1107 943 1179 ¹de
966 1105 1047 1159 verb.
1073 1105 1138 1172 sign.
1236 1095 1240 1115 '

159 1211 185 1262 p.
200 1190 243 1243 74.
264 1208 292 1247 n.
313 1189 339 1243 6.
363 1193 472 1244 Terent.
491 1193 598 1244 Phorm.
622 1193 655 1260 2,
680 1190 714 1256 4,
742 1189 783 1242 17.
807 1210 859 1262 ego
886 1182 1011 1264 simplius
1035 1187 1139 1245 delibe-

160 1276 277 1331 randum
295 1294 400 1332 censeo.
426 1278 545 1354 quodnex
563 1277 614 1328 ista
630 1275 743 1328 formula
761 1275 924 1350 desumptum
941 1294 999 1328 esse
1016 1283 1120 1345 putent.

109 1420 111 1431 ·
176 1394 302 1461 Deinde
334 1395 483 1482 amplius
516 1419 585 1460 non
604 1395 681 1482 peti
704 1395 863 1467 cautionis
890 1405 962 1459 erat
981 1391 1128 1466 formula

114 1480 211 1568 dequo
227 1481 293 1545 vid.
309 1480 458 1546 Brisson.
476 1480 516 1546 de
530 1479 643 1547 Foim.
659 1485 690 1565 6,
714 1485 768 1548 88.
787 1491 819 1547 et
844 1483 918 1557 184.
941 1479 982 1545 de
999 1477 1138 1549 Verbor.

112 1569 175 1655 sign.
188 1590 223 1656 p.
241 1570 294 1631 74.
304 1576 347 1631 ‘n.
364 1568 396 1632 5.

195 1689 251 1743 cto.
269 1686 303 1738 ud
320 1690 372 1739 Ast.
393 1687 425 1755 1,
444 1687 470 1741 8.
489 1688 514 1742 is
541 1685 596 1742 sibi
621 1696 706 1761 negat
728 1706 746 1738 a
774 1704 824 1740 suo
852 1695 1033 1759 procuratore
1059 1680 1139 1754 qnid·
1175 1740 1177 1746 y

164 1793 243 1847 quam
260 1776 395 1843 seriptum
412 1791 478 1838 esse,
504 1786 533 1826 et
557 1779 674 1828 miratur
693 1778 777 1829 istam
803 1774 1018 1851 controversiam
1033 1762 1138 1838 fuisso,

164 1859 236 1932 quod
250 1857 305 1932 pile
328 1869 466 1911 recusaret
490 1861 641 1913 satisdaris
658 1858 782 1935 amplius
799 1857 850 1913 abs
871 1870 899 1913 te
919 1874 977 1910 non
993 1857 1064 1925 peti.
1098 1852 1139 1899 Ita

163 1944 325 1997 scribendum
352 1953 402 1995 est.
424 1945 502 2012 vulgo
527 1937 685 1998 recusarat.-
719 1945 866 2014 Malaspina
892 1938 1033 2016 reeusarit.
1083 1935 1138 1985 Cio·

163 2034 230 2083 Brut.
250 2027 283 2092 5,
306 2026 348 2078 18.
366 2039 398 2079 at
421 2047 503 2094 uero,
521 2034 643 2100 inquam,
660 2027 713 2084 tibi
733 2047 803 2102 ego,
823 2031 925 2099 Brute,
943 2044 1001 2080 non
1017 2021 1138 2085 solvam,

117 2132 119 2136 ⁴
162 2116 214 2170 nisi
231 2117 309 2184 prius
327 2132 345 2164 a
368 2123 395 2165 te
414 2133 527 2178 cavero,
556 2115 679 2185 amplius
702 2134 734 2168 eo
753 2118 864 2168 nomine
881 2117 1033 2174 nemiuem,
1062 2111 1139 2161 cuius

162 2203 262 2270 petitio
282 2200 336 2257 sit,
354 2203 515 2268 petiturum.
546 2202 580 2252 ed
599 2203 670 2252 Fam.
690 2198 738 2263 13,
756 2199 806 2264 28,
826 2196 867 2251 ’5.
881 2199 930 2253 sed
951 2197 1007 2250 duo
1027 2193 1139 2267 quidem

163 2298 187 2339 te
212 2287 379 2341 nominatim
394 2301 480 2354 rogo,
502 2286 621 2355 primum
647 2297 695 2353 ut,
720 2288 745 2340 si
761 2285 830 2360 quid
854 2281 1051 2339 satisdandum
1076 2282 1138 2341 erit,

163 2369 284 2442 amplius
303 2387 335 2421 eo
356 2374 468 2424 nomine
488 2387 545 2424 non
561 2375 640 2442 peti,
661 2388 753 2448 cures,
771 2381 803 2424 ut
821 2370 973 2436 satisdator
985 2366 1050 2438 fisis
1068 2383 1139 2418 ntea·

176 2497 208 2555 7.
244 2487 403 2574 Amplius
430 2499 462 2552 et
483 2512 552 2555 non
574 2490 723 2578 amplius
745 2492 911 2557 recentior
939 2499 1025 2553 aetas
1056 2484 1141 2550 dixit
1228 2506 1231 2513 ’

109 2595 157 2662 pro
169 2575 307 2660 saepius
325 2585 357 2637 et
372 2597 441 2638 non
453 2575 602 2663 saepius.

192 2694 321 2764 leianus
338 2696 367 2746 in
384 2695 445 2763 Dig.
461 2694 512 2760 43,
530 2694 580 2766 31,
596 2696 630 2759 3.,
652 2695 696 2751 18.
714 2692 811 2771 itaque
833 2712 932 2751 caussa
949 2692 1063 2766 cognita
1082 2709 1141 2744 um·

160 2780 238 2853 plius
260 2799 344 2853 quant
364 2779 464 2845 semel,
485 2773 660 2848 interdicitur
685 2780 738 2836 itoo
762 2788 815 2837 erit
841 2780 1013 2834 inundatum.
1045 2777 1096 2840 10,
1112 2776 1140 2841 2,

160 2868 211 2929 20,
236 2861 263 2916 4.
283 2861 422 2935 scintiliae
448 2863 624 2919 ereisonndae
647 2865 781 2922 iudicium
805 2866 928 2938 amplius
949 2883 1031 2933 quam
1055 2859 1141 2916 semel

160 2953 210 3019 agi
235 2969 290 3003 non
309 2960 422 3022 potest,
449 2952 504 3004 nisi
529 2968 629 3011 caussa
653 2953 776 3025 cognita.
809 2957 916 3005 Sueten.
940 2950 1000 3005 Tib.
1017 2947 1065 3002 26..
1085 2947 1140 3000 vid.

158 3057 186 3108 p.
205 3036 267 3089 291.

139 3171 141 3174 ·
176 3145 208 3204 8.
246 3134 418 3203 Interdum
444 3137 690 3226 coniunguntur
706 3139 869 3205 *vocabule
895 3141 969 3204 ium
992 3135 1141 3222 amplius

109 3247 128 3312 ι.
154 3249 182 3289 e.
213 3225 300 3288 nocie
321 3221 458 3302 writer,
493 3223 617 3311 linger
638 3224 741 3305 nocie,
775 3229 871 3290 nselir
891 3226 1013 3306 sehon,
1047 3222 1142 3286 melu

109 3313 188 3376 soelt.
215 3312 335 3398 Poetae
352 3330 447 3399 saepe
461 3308 574 3373 dicunt
594 3309 743 3381 necisum
763 3312 923 3400 amplius.

195 3431 250 3482 Cic.
266 3430 295 3480 in
310 3432 386 3480 Verr.
404 3427 438 3491 4,
458 3426 509 3494 43,
525 3427 568 3482 95.
588 3429 657 3481 irora
680 3430 802 3500 amplius
826 3436 882 3488 iani
909 3435 939 3488 iu
963 3425 1140 3486 demoliendo
1188 3443 1190 3445 ·

160 3521 244 3587 signo
262 3512 395 3584 permulti
413 3513 538 3568 homines
556 3511 751 3568 moliebantur.
776 3519 849 3570 Caes.
864 3522 893 3570 B.
913 3519 946 3569 G.
963 3516 996 3581 3,
1016 3513 1041 3566 5.
1059 3531 1143 3586 quum
1198 3552 1202 3567 .

121 3661 123 3667 .
161 3604 219 3655 ium
238 3598 362 3664 amplius
392 3597 468 3653 horis
492 3617 541 3655 sex
560 3584 731 3656 continenter
750 3613 931 3674 pugnaretur.
965 3603 1048 3653 Plaut.
1066 3598 1142 3649 Trin.

158 3685 193 3752 2,
214 3683 246 3748 1,
270 3682 310 3736 19.
331 3686 388 3737 iam
414 3682 537 3755 amplius
555 3696 627 3738 orat.
663 3689 716 3740 Cio.
738 3688 766 3741 in
791 3688 868 3740 catil.
887 3686 968 3754 1‚3,
986 3684 1012 3754 6.
1041 3687 1143 3738 etenim

134 3848 136 3855 Α
161 3768 230 3841 quid
257 3779 314 3832 est,
344 3768 482 3834 Catilina,
512 3752 669 3845 quodiam
695 3772 818 3847 amplius
847 3771 1013 3857 eupeetesi
1048 3769 1144 3837 virgil.

128 3918 130 3925 k
159 3858 226 3906 Aen.
244 3853 278 3919 3,
296 3855 355 3908 260.
374 3859 494 3915 neaiam
517 3854 642 3928 amplius
662 3863 764 3923 armis,
792 3857 841 3910 sed
863 3859 940 3908 votis
963 3852 1144 3928 precibusque

162 3938 258 3994 iubent
273 3958 420 4010 exposcere
437 3960 544 4018 paeern.
577 3939 689 4008 3,192.
714 3941 747 4008 5,
765 3941 791 3994 8.
818 3943 867 4006 11,
885 3938 945 3994 807.
971 3965 987 3988 ι
1070 3977 1072 3985 .

176 4063 209 4125 9.
233 4059 468 4127 'Accessionem
493 4082 595 4146 quum
619 4059 781 4148 significet
803 4060 972 4139 AMPLIVS,
1000 4077 1144 4146 usurpa·

111 4167 150 4210 ur
163 4143 212 4210 ibi
228 4167 343 4234 saepe,
364 4143 421 4210 ubi
432 4157 637 4234 praetereo,
657 4148 796 4235 insuper
817 4143 1089 4219 dicendum-esai.
