2618 4770
24 258 260 353 'ata‘
432 264 468 340 .’
620 278 744 372 an„

127 438 268 504 directae
282 436 378 524 eique
396 432 558 522 simplici,
578 431 636 497 ubi
652 432 811 498 Germani
828 452 902 497 eam
919 450 1064 520 prorsus
1073 434 1171 499 ‚emit-

128 533 216 589 tunt.
259 522 387 587 Deinde
400 521 539 624 ponitur
556 519 592 582 in
606 518 1035 618 interrogatioue'direeta,
1054 519 1112 583 scd
1124 531 1181 584 ea·'

129 608 206 673 dem
220 608 487 685 vehementiore,
511 615 545 671 et
563 605 812 691 cumquodam
833 601 1083 691 animraffeetu
1123 626 1169 669 ro-
1211 629 1213 667 t

14 734 19 740 ·
127 694 293 764 nuntiata.
320 692 518 780 praesertim
542 711 647 775 quum
669 689 704 755 id
718 690 985 777 interrogamus,
1013 710 1084 775 quo
1127 690 1168 755 rel
1211 690 1213 752 ἶ

12 856 15 865 ¹
130 779 224 844 alteri
240 778 474 843 affirmandum
484 777 808 856 rememoremus,
833 775 1168 867 velabeonegarimi·
1211 777 1213 807 ³

128 865 273 930 randum
289 867 408 928 esset.“
449 860 690 927 Ramshornius
704 864 740 928 in
755 863 906 926 Gramm.
924 859 998 924 174.
1025 883 1094 943 aa,
1119 882 1168 949 per

130 960 222 1016 elwa
235 949 395 1030 reddens,
422 947 457 1012 in
476 948 738 1034 interrogatione
752 946 930 1010 dubitantis
955 955 989 1008 et
1011 966 1067 1010 sus
1092 945 1168 1011 icam
1210 982 1213 1007 t

130 1037 174 1100 tis
221 1036 278 1099 oni
301 1034 408 1112 dicit,
432 1032 491 1097 ubi
518 1033 646 1097 animus
670 1035 757 1114 eius,
789 1033 847 1124 qui
871 1032 1020 1118 quaerit,
1082 1031 1167 1097 ubitst
1211 1056 1212 1061 ¹

131 1058 264 1206 quidem
284 1119 483 1187 contrariam
498 1120 693 1183 sententiam
708 1118 915 1206 approbare,
941 1127 1059 1181 tamen
1077 1117 1167 1203 magis
1212 1141 1213 1164 ¹

131 1205 284 1286 inclinet,
306 1216 345 1268 ut
361 1228 434 1271 eam
452 1205 601 1291 accipiat.
645 1206 738 1293 Quae
761 1203 874 1268 omnia
911 1222 994 1266 uum
1008 1202 1168 1269 uenusti-

132 1312 207 1377 vam
221 1289 400 1379 particulae
413 1289 483 1354 rim
498 1291 796 1377 comprehendant,
812 1225 1000 1353 satiriaaere
1015 1309 1088 1351 non
1102 1310 1168 1375 pos·
1190 1310 1193 1317 ’

132 1385 237 1455 sunt.¹
265 1376 349 1440 Nam
374 1372 631 1440 affirmationem
651 1377 686 1441 in
707 1375 764 1440 tali
785 1373 1048 1477 interrogatione
1065 1396 1169 1460 exsps

132 1462 215 1526 etati
233 1462 328 1550 eique
343 1460 462 1540 adiici,
480 1460 585 1525 multa
607 1462 760 1550 exempla
782 1470 814 1524 et
837 1464 985 1546 res'rpsa
1006 1458 1168 1524 declarant.

122 1547 305 1634 ·Nusquam
329 1557 445 1619 autem.
454 1547 594 1632 ponitur
611 1571 659 1611 en
673 1548 708 1611 in
732 1545 875 1632 simplici
889 1555 989 1631 atque
1012 1555 1105 1608 reeta
1126 1544 1168 1608 in·

132 1633 377 1722 terrogationc,
399 1652 507 1717 noque
522 1631 684 1696 dubitatio
703 1633 739 1696 in
761 1629 960 1695 eontrarium
986 1629 1170 1694 sententiam

132 1716 296 1793 inclinans
312 1739 377 1781 uua
393 1739 462 1781 osse
477 1726 606 1805 potest,
625 1740 689 1806 qua
706 1717 868 1782 eiusmodi
883 1716 1171 1801 interrogationem

133 1804 175 1868 ab
192 1804 262 1888 aliis
281 1802 530 1889 distinguamus.
571 1804 678 1888 Atque
692 1804 727 1866 in
743 1803 828 1890 ipso,
843 1800 934 1888 quod
941 1799 1172 1865 Ramshornius

134 1912 153 1953 e
172 1889 240 1954 Cic.
257 1887 358 1951 Tusa.
376 1894 416 1968 3,
440 1895 470 1952 1.
493 1887 598 1967 affert,
620 1888 776 1976 exemplo
797 1910 869 1952 non
895 1884 982 1961 erat',
1017 1886 1108 1974 quod
1124 1885 1172 1950 Ci-

134 1996 214 2040 ocro
231 1975 404 2039 veritatem
429 1993 561 2036 caussae
585 1973 734 2059 prolatas
756 1983 900 2061 negaret.
949 1969 1044 2036 Inter
1068 1993 1181 2039 omnes.

132 2060 234 2149 igitur
259 2058 493 2145 grammaticos
519 2078 625 2122 unum
655 2059 850 2147 Zumptium
873 2059 970 2124 video
993 2080 1069 2123 rem
1092 2067 1173 2121 acute

132 2143 350 2237 perspexisse,
365 2164 469 2228 quum
483 2152 517 2205 et
526 2142 753 2208 disiunctivam
764 2146 831 2210 vim
838 2140 1019 2232 particulae
1032 2154 1065 2208 et
1073 2142 1172 2230 dupli·
1211 2180 1213 2213 ÷

134 2251 226 2311 eam,
249 2249 314 2313 qua
327 2227 546 2314 interrogatio
568 2240 715 2304 constat,
738 2239 869 2319 'partem
885 2229 1007 2317 ubique
1022 2230 1173 2319 supplen-
1211 2250 1213 2257 ·

135 2314 369 2393 damgteueret.
428 2313 640 2398 Quamquam
654 2315 710 2380 illo
727 2316 798 2404 ipso
817 2337 930 2380 seeum
952 2315 1172 2402 pugnans‘ait,
1211 2348 1213 2353 ·

40 2401 51 2465 J
133 2423 183 2464 eu
198 2397 283 2463 nihil
299 2396 492 2485 significare,
509 2398 735 2465 sed.formam
749 2401 1018 2486 interrogationis
1038 2400 1171 2501 explere.

133 2483 220 2548 titud
229 2505 309 2546 vero
323 2483 488 2572 imprimis
497 2484 683 2551 addendum
697 2497 756 2567 est,
783 2487 870 2550 bauo
886 2486 1173 2573 interrogationem

136 2569 177 2633 dc
197 2567 302 2632 aliena
323 2580 380 2633 aut
402 2572 568 2634 contraria
587 2573 753 2636 sententia
782 2571 921 2653 confici,
972 2593 1016 2634 uo
1039 2569 1117 2652 fiat,
1143 2580 1174 2634 ut

135 2654 354 2721 simulationis
374 2656 443 2720 sive
459 2655 587 2720 ironiae
609 2658 695 2721 ratio
719 2658 862 2722 aeeedat.
908 2657 930 2721 S
994 2679 1061 2721 nos
1087 2677 1174 2722 usum

133 2740 357 2828 persingulas
377 2751 486 2826 partes
504 2760 752 2827 persequamur.
1068 2758 1071 2761 ’

221 2833 250 2890 1.
298 2829 536 2911 Quaecumque
557 2827 772 2918 interrogatio
795 2851 856 2915 per
879 2828 1120 2913 disiunctivum¹
1135 2848 1175 2890 au

135 2908 283 2975 formata
297 2910 397 2973 altera
413 2921 461 2974 est
479 2933 557 2998 pars
572 2913 841 3002 interrogationis
858 2913 1071 2989 bimembris,
1094 2912 1174 2976 euius

66 3063 73 3069 ,
136 2996 246 3082 prima
268 3018 346 3084 pars
375 3005 431 3059 aut
461 3019 616 3083 expressa
647 3010 695 3062 est
719 3001 754 3062 in
777 3000 937 3063 sententia
962 2998 1174 3079 antecedente,

137 3081 269 3166 quaein
285 3081 579 3169 interrogationem
598 3085 734 3159 transit,
759 3096 814 3147 aut
829 3085 1023 3172 intelligitur
1046 3107 1090 3148 ex
1109 3106 1175 3149 ver-

124 3164 291 3243 bisatiis,
310 3189 392 3250 quac
415 3166 642 3254 praecedunt,
657 3169 709 3233 vel
733 3193 775 3234 ex
790 3173 892 3234 totius
917 3171 1078 3235 orationis
1099 3192 1176 3258 pro-

134 3271 261 3338 gressu.
301 3251 412 3315 Veluti
428 3253 515 3338 apud
531 3253 635 3319 Plaut.
649 3256 741 3319 Asin.
758 3257 799 3337 5,
822 3263 861 3337 1,
884 3262 933 3320 10.
957 3257 1022 3322 DE.
1045 3255 1177 3320 credam

73 3359 77 3369 ¹
134 3359 202 3424 ago
220 3338 327 3417 istae,
353 3337 386 3399 si
409 3360 480 3401 esse
508 3349 541 3402 te
565 3337 717 3404 hilarum
736 3342 861 3406 videro.
904 3344 1044 3406 Au.·an
1062 3354 1100 3406 tn
1116 3361 1178 3406 ease

134 3445 189 3485 me
205 3423 338 3486 tristem
345 3419 480 3507 putus?
499 3427 660 3488 sententia
679 3426 758 3490 hace
773 3438 839 3490 cst:
859 3426 1047 3491 hilarumne
1064 3450 1120 3492 me
1134 3427 1177 3492 vi-

135 3506 211 3582 des,
243 3530 285 3571 sn
307 3529 363 3571 mo
386 3507 515 3570 tristem
538 3507 660 3595 putas?
692 3511 804 3591 Quare
831 3513 1034 3576 desideratur
1052 3532 1178 3599 semper

138 3592 260 3678 aliquid
278 3593 473 3680 oppositum
488 3594 539 3657 vel
555 3597 778 3676 eontrarium,
827 3598 894 3661 uod
919 3598 955 3661 iu
977 3598 1179 3684 interrogan-

136 3677 179 3740 tis
203 3679 315 3741 animo
340 3679 571 3764 supprimitur.
615 3682 703 3744 Nam
756 3620 843 3764 uod,
864 3704 965 3769 quum
989 3683 1183 3771 interrogat,

136 3763 317 3848 proponit,
347 3763 429 3826 illud
446 3773 511 3845 est,
543 3767 633 3849 quod
658 3789 699 3831 ex
725 3705 828 3831 diiena
850 3768 1011 3832 sententia
1037 3769 1103 3835 diei
1126 3792 1179 3833 eo-

136 3848 272 3934 gitarive
291 3849 406 3934 possit.
448 3849 564 3936 Neque
587 3875 634 3915 uu
656 3874 816 3938 umquam
839 3852 999 3940 signifieat
1016 3852 1180 3943 fortasse,

136 3943 245 4008 elwa,
271 3933 329 3996 sed
348 3945 427 4014 arat,
453 3933 556 3999 oder:
577 3937 829 4002 ot'voeabulum
848 3951 938 4004 etwu
958 3940 993 4003 in
1007 3939 1181 4005 reddendis

134 4018 245 4082 verbis
260 4017 416 4082 adhibere
429 4040 608 4105 possumus
623 4033 819 4110 propterea,
836 4025 944 4110 quod,
967 4046 1052 4110 quae
1067 4027 1180 4090 dieun-

135 4111 210 4184 tur,
240 4103 394 4172 simulate
409 4114 442 4169 et
457 4126 519 4195 per
539 4107 662 4178 alienae
678 4110 860 4178 sententiae
885 4121 1110 4179 coniecturam
1131 4112 1180 4177 di·
