2618 4770
546 281 664 348 usn·
691 233 763 349 sn

127 438 132 463 ³
206 461 300 497 uerum
317 443 393 495 etin
413 443 501 506 circo,
521 437 569 492 ubi
592 425 628 480 ἔ-
654 436 904 510 proelium'etiam
932 442 1039 516 duplex
1062 459 1156 520 equestri

151 541 154 547 '
206 548 240 581 ae
265 526 394 598 pedestre
417 527 571 579 eomnsisits
598 533 630 576 at
654 527 683 579 in
706 523 916 594 amphitheatro
943 530 1047 583 nauale
1069 551 1158 605 quoqu.

179 686 181 691 ,
205 614 241 665 Et
258 611 449 666 defendendum
476 610 503 660 io
521 613 586 678 Aug.
604 608 649 662 46.
666 630 699 663 ae
716 609 815 666 necubi
839 624 901 672 aut,
915 613 1092 668 bonestorum
1108 615 1159 687 defi·

206 710 278 752 aeret
297 699 379 768 eopia
395 705 445 749 aut
459 693 648 749 multitudinis
667 692 794 758 soboles,
820 710 974 770 equestrem
995 701 1160 772 militiampe

207 794 294 838 tentes
312 788 399 837 etiam
416 800 450 835 ex
468 779 709 834 commendatione
733 779 847 852 publica
872 787 1005 856 cuiusque
1028 786 1122 854 oppidi
1135 806 1161 840 or·

209 867 346 921 dinabat:
365 878 396 920 at
414 870 467 932 iis,
485 869 535 938 qui
562 887 577 919 e
600 865 684 936 plebe
707 868 835 936 regiones
859 867 915 925 sibi
945 871 1078 924 reuisenti
1098 867 1162 942 silius

203 949 328 1022 filiasve
344 950 545 1022 approbarent,
563 951 676 1022 singula
692 925 865 1004 nummorbm
883 952 980 1010 millia
999 972 1053 1025 pra
1071 955 1163 1027 singulis

164 1042 167 1047 '
209 1035 361 1091 dividebat.
397 1039 446 1090 Iul.
464 1036 506 1090 58.
531 1041 560 1092 in
581 1036 717 1092 obeundis
735 1035 963 1106 expeditionibus
989 1038 1102 1092 dubium
1122 1061 1164 1093 car·

183 1131 184 1137 ’
207 1127 263 1176 tior
283 1143 320 1175 an
337 1121 492 1177 audentior.
510 1133 565 1174 tum
584 1134 646 1192 post
665 1122 783 1191 exempla
798 1123 879 1195 'cauti
905 1124 1013 1176 consilii
1029 1125 1125 1192 pergit:
1145 1137 1165 1179 ut

209 1207 283 1262 idem
301 1207 461 1263 obsessione
478 1221 631 1262 castrorum
649 1209 676 1260 in
690 1207 775 1264 Germ
794 1204 1005 1274 nnianuntiata,
1022 1224 1073 1281 per
1088 1214 1164 1265 statiu-

206 1311 256 1346 nes
273 1293 393 1346 hostium
410 1292 519 1368 gallico
538 1293 635 1348 habitu
651 1292 810 1364 penetravit
827 1291 866 1346 ud
883 1310 962 1346 suos:
1023 1301 1031 1338 Γ
1100 1325 1104 1332 ·

180 1394 253 1461 ‘'6.
283 1395 323 1460 In
348 1395 522 1460 offerendis
553 1395 816 1485 colloquentium
846 1397 1121 1544 pespuonsionibs
1140 1410 1166 1462 at

141 1491 250 1566 potest
265 1480 298 1546 in
314 1482 405 1569 ipsis,
427 1503 510 1568 quae
527 1466 881 1569 opponunturs'i'e'rbis
911 1504 1012 1561 oopm
1030 1484 1167 1564 obtinere,

139 1577 175 1629 ut
194 1568 306 1654 paullo
323 1578 402 1654 post
419 1567 626 1647 notabimus,
650 1566 706 1631 sed
724 1589 801 1631 oum
818 1569 1025 1655 pronomine
1039 1569 1168 1634 iilecon·

136 1652 288 1719 iunctum
309 1653 491 1718 formulam
515 1650 614 1717 efficit
635 1653 754 1730 talem,
781 1662 818 1716 ut
832 1653 932 1716 verba
949 1656 987 1718 u't
1005 1654 1065 1719 ille
1078 1655 1169 1742 inquit

137 1739 316 1826 significent
333 1751 454 1804 eontra
478 1738 632 1826 loquutus
655 1749 705 1801 est
721 1739 790 1804 ille.
836 1739 938 1820 Quod
962 1740 1094 1804 criticos
1116 1762 1170 1805 noa

38 1855 41 1859 ¹
139 1846 212 1889 raro
234 1825 363 1891 fefellit.
383 1891 386 1896 ,
404 1825 491 1888 Nam
510 1847 578 1889 non
598 1844 683 1911 opus
699 1835 747 1888 est
762 1826 927 1890 contraria
942 1827 1115 1890 sententia.

239 1946 333 2016 Catali.
361 1941 413 2009 45,
442 1944 483 1996 10.
512 1945 552 1997 At
580 1945 681 2011 Acme,
700 1972 733 1984 -
755 1946 811 2008 sie,
838 1945 944 2019 inquit,
964 1947 1172 2011 meavita,ete

134 2042 137 2047 ’
208 2033 281 2082 crist.
305 2029 338 2094 3,
363 2029 396 2091 2,
422 2027 464 2080 11.
489 2038 520 2079 at
546 2027 611 2092 ille,
639 2045 666 2082 et
691 2048 757 2084 suae
783 2033 868 2084 sortis
887 2041 915 2084 et
931 2032 1027 2102 regiae
1042 2031 1173 2101 superbias
1207 2094 1209 2099 Ι

204 2115 326 2180 oblitus,
344 2106 454 2178 oerum3
482 2115 587 2181 inquit,
608 2124 682 2166 etta
700 2125 751 2166 etc.
787 2116 890 2166 Corael.
908 2118 942 2168 N.
960 2117 1042 2168 Attio.
1060 2115 1173 2178 8,4.u
1205 2106 1209 2129 ¹

127 2222 131 2230 ·
203 2199 254 2254 ille
273 2228 305 2240 -
323 2197 482 2268 responditss
515 2199 567 2249 Sed
587 2201 705 2268 Epamin.
723 2200 757 2264 5,
774 2197 892 2257 bsurde
915 2202 1125 2271 interpungitur:
1141 2213 1172 2262 at,

128 2306 131 2311 ·
203 2283 269 2346 ille,
290 2283 402 2346 desine,
433 2276 722 2355 inquit.'et1pliicsat.
740 2284 775 2348 3,
792 2281 819 2335 4.
841 2284 871 2338 id
890 2305 973 2357 quum
991 2285 1120 2341 omnibus
1133 2289 1173 2341 ni·
1207 2282 1209 2303 ²

202 2389 264 2423 rum
284 2369 440 2445 videretur,
462 2379 510 2432 at,
536 2367 603 2432 ille,
628 2373 743 2432 merito,
768 2364 875 2441 inquit,
886 2365 981 2440 facio.
1001 2374 1065 2437 Non
1080 2381 1172 2440 poteret

200 2466 234 2507 at
252 2473 266 2505 e
287 2455 443 2524 pronomine
461 2454 555 2516 avelli,
574 2455 644 2522 qnod
661 2464 733 2505 recte
758 2454 797 2504 ita
826 2455 993 2508 coniunctum
1021 2460 1129 2526 ponitur
1151 2458 1174 2508 ie

204 2540 322 2607 epodosi.
339 2541 455 2591 Bremius
471 2541 537 2590 male
556 2541 759 2607 interpretatur:
778 2534 918 2607 profecto.
954 2541 1010 2592 Cic.
1028 2542 1061 2594 de
1079 2539 1172 2610 Lepi,
1202 2576 1205 2589 .

204 2625 252 2688 19,
271 2624 314 2678 47.
333 2627 361 2676 in
378 2627 453 2676 libris
471 2626 581 2692 legitur:
605 2643 687 2695 quam
710 2643 841 2695 magnum
859 2623 933 2677 illud
956 2624 1110 2680 Scaevolae
1125 2621 1171 2695 fa·
1202 2616 1209 2667 i

203 2715 279 2764 siunt
294 2697 450 2782 pontifiies
468 2710 550 2764 ambo
569 2721 598 2765 et
619 2711 702 2762 iidem
720 2709 786 2761 iuris
803 2712 975 2778 peritissimi.
1017 2715 1074 2772 At,
1097 2709 1173 2780 inquit
1199 2774 1201 2781 Ι

109 2828 130 2849 η
205 2793 300 2848 Publii
310 2792 409 2866 filius,
423 2815 457 2849 ex
473 2807 553 2864 patre
570 2796 667 2848 audiui
683 2806 733 2847 etc.
749 2795 820 2863 quod
837 2794 1096 2846 restituitMoserus:
1113 2797 1171 2858 Tur·

201 2880 284 2932 nebus
303 2882 412 2935 dederat
430 2899 521 2950 saepe.
556 2882 608 2933 Sed
626 2881 743 2948 ineptum
762 2890 803 2930 est
821 2880 950 2942 illudat,
979 2881 1053 2947 qnasi
1072 2880 1171 2932 obiicie-

199 2974 243 3015 tur
263 2966 362 3034 aliquid
383 2967 478 3030 alicui,
508 2984 583 3034 quem
607 2983 683 3016 nemo
705 2966 797 3028 sciat„
815 2968 872 3017 Nec
893 2966 925 3028 de
944 2983 1016 3015 mera
1034 2965 1171 3016 coniectare

201 3051 299 3103 iactum
316 3052 418 3103 videtur
437 3071 531 3120 saepe.
567 3054 654 3114 Quare
665 3051 786 3119 suspicor
799 3052 952 3103 Ciceronem
969 3050 1122 3118 scripsisse.
1138 3057 1168 3110 at,

131 3176 143 3192 .
199 3154 297 3205 saepe,
317 3141 409 3208 inquit
429 3136 524 3203 Publii
537 3132 637 3206 filius.

212 3242 243 3302 7.
278 3239 366 3303 Haeo
387 3240 575 3303 de‘diversis
593 3238 701 3302 rebus.
726 3238 869 3301 Gravior
888 3236 1018 3299 exsistit
1037 3238 1083 3301 vis
1100 3256 1166 3322 par-

127 3322 246 3388 ticulae
263 3325 402 3409 propria
415 3322 451 3387 in
466 3335 555 3387 recta
573 3345 683 3387 rerum
701 3323 940 3387 contrariarum
954 3323 1166 3408 oppositione.
1207 3328 1209 3335 '

128 3408 251 3495 Atque,
278 3410 325 3471 uti
347 3410 413 3471 iam
429 3432 528 3495 snpra
545 3411 669 3474 dictum
688 3419 756 3487 est,
779 3409 878 3472 verba
900 3418 1077 3471 utcontra
1099 3407 1164 3470 hano

127 3493 261 3578 plenam
296 3492 570 3579 significationem
599 3495 825 3580 exprimunt(
866 3493 930 3556 Sed
961 3516 1060 3580 saepe
1093 3492 1164 3556 idem
1202 3560 1207 3577 ι

120 3580 284 3666 'signifieat
304 3579 447 3664 simplex
466 3592 521 3657 ut,
544 3581 611 3644 sive
634 3581 668 3644 in
685 3578 885 3668 opponenda
900 3580 1091 3665 negatione,
1113 3577 1164 3640 sive

129 3665 164 3728 in
182 3666 250 3730 aliis
270 3665 443 3728 contrariis
461 3663 569 3728 rebus.

231 3786 284 3838 Cic.
303 3786 401 3837 deDiv.
413 3785 439 3846 2,
459 3781 562 3846 25,«64.
580 3784 649 3855 quid
672 3796 767 3840 autem
782 3784 883 3838 aulient
903 3805 935 3838 ea
952 3783 994 3837 dii
1011 3775 1164 3835 immortales

195 3875 314 3940 primum
332 3865 547 3942 significantes,
576 3889 645 3942 quae
663 3875 722 3926 sine
740 3869 936 3939 interpretibus
961 3887 1018 3921 non
1044 3871 1164 3939 possimus

192 3955 367 4028 intelligeres
388 3954 487 4008 deinde
508 3976 557 4018 ea,
583 3968 654 4026 quae
673 3974 769 4011 cavere
798 3955 990 4026 nequeamus?
1019 3954 1059 4005 At
1078 3951 1164 4003 tarn

192 4040 316 4095 homines
334 4039 446 4112 quidem
464 4038 546 4110 Probi
563 4036 696 4108 fuciunt,
724 4050 756 4091 ut
775 4044 872 4092 auritis
893 4037 1086 4109 impendentes
1104 4031 1164 4087 eall·

194 4131 305 4181 mitates
325 4125 501 4200 praedicant,
528 4133 599 4198 qeins
625 4127 669 4182 illi
694 4123 818 4198 effugere
843 4124 923 4178 nullo
950 4123 1038 4176 modo
1063 4121 1173 4199 possint

19 3210 24 3224 Ι
75 3181 96 3225 ,Ι

11 3234 49 3271 I'...¹
66 3238 114 3267 .·ι“4,,
