2618 4770
441 304 742 432 cananeum.
826 434 830 449 Ι
881 320 890 339 ”
918 384 928 453 ,-
1064 360 1126 426 rot

102 505 163 574 1111
175 522 280 595 quum
292 526 363 571 non
375 503 590 591 simplex-est
604 509 718 570 rerum
741 503 919 590 indicium,
948 506 1006 575 sed
1022 511 1128 577 inter-

102 595 163 660 edit
179 593 356 681 cogitatio,
392 589 585 674 consilium,
619 590 791 675 voluutas,
818 597 1003 660 necessario
1024 599 1127 686 poni·
1203 664 1207 669 ,
1239 642 1269 675 -,

102 698 133 745 ur
148 678 391 746 conjunctivus.
838 709 843 717 ·

102 808 105 815 '
177 801 234 855 cic.
248 799 278 851 tn
296 801 373 851 Verr.
390 795 424 863 5,
450 796 503 863 21,
529 794 574 849 55.
599 814 750 869 numquam
775 797 818 850 irs·
833 796 931 853 Sicilia
949 794 1127 871 'framentum
1181 842 1184 857 ,

141 883 255 958 publice
274 892 318 938 est
344 893 486 953 emptum,
512 885 579 953 quin
603 883 789 936 Mamertinis
811 899 865 953 pro
892 889 1023 955 portione
1040 892 1127 960 impe.

105 977 456 1113 Apsatroetppbitantequam
481 965 534 1023 lsoo
560 964 699 1031 deiectum
721 965 961 1083 praeclarumque.
979 974 1127 1031 caninium

105 1204 108 1209 .
188 1160 298 1210 Sacram
321 1156 387 1212 Ner.
410 1154 456 1211 20.
483 1154 518 1210 a'c
542 1173 578 1210 ne
610 1169 743 1207 concam
768 1154 880 1228 quidem
906 1168 1020 1231 repente
1049 1173 1126 1218 mota

125 1276 128 1281 ·
146 1251 237 1300 terroe
253 1236 383 1306 theatro,
399 1251 465 1319 ante
482 1248 597 1294 cantare
611 1237 733 1304 destitit,
753 1259 837 1311 quom
855 1242 1016 1297 inchoatum
1032 1243 1126 1301 absol-

142 1320 222 1384 veret
244 1321 345 1395 ripae.
392 1325 449 1378 Lis.
473 1321 527 1388 45,
552 1323 604 1390 11,
629 1321 657 1376 8.
687 1341 745 1377 non
767 1328 848 1397 prius
869 1327 981 1385 destitit
1005 1334 1125 1403 mittere,

102 1416 113 1455 Γ
145 1430 229 1488 qaam
248 1429 345 1483 paoem
363 1429 425 1464 eum
441 1411 477 1465 iis
493 1407 681 1478 confirmaret.
1068 1404 1071 1411 ’

143 1536 149 1546 ·
178 1518 222 1569 Ita·
244 1515 348 1580 fit„ut
372 1511 540 1567 commatico
567 1510 598 1563 id
618 1509 796 1580 exprimatur,
821 1512 894 1582 quod
909 1531 943 1568 ne
962 1517 1024 1586 fiat,
1050 1521 1124 1576 aliud
1188 1524 1194 1537 ‘

142 1601 211 1672 ‘quid
226 1600 413 1672 praemittitur.

116 1696 126 1709 ¹¹
159 1716 399 1808 Imperfectum
420 1710 587 1812 indicatitsi
615 1731 801 1801 numquam
825 1714 1050 1807 compositum
1075 1734 1126 1789 est

103 1820 157 1905 um
172 1817 254 1906 apte
298 1829 376 1870 am:
398 1825 460 1868 nec
481 1809 591 1900 potuit
618 1801 778 1888 componi
798 1814 996 1954 propterea,
1056 1809 1125 1876 uod

103 1900 233 1957 1111111
279 1891 382 1956 unbus
398 1888 497 1955 rebus
514 1894 602 1952 inter
619 1908 654 1950 se
669 1885 800 1952 releren
823 1905 850 1951 ts
896 1911 948 1956 ure
964 1911 1044 1958 voca
1069 1895 1125 1960 ulo

103 1976 337 2043 mditionalcm
354 1978 573 2062 potestatem,
599 1990 672 2035 non
685 1972 880 2059 simpliciter
902 1979 1127 2066 temporalem

103 2060 277 2127 ribuerunt.
320 2059 378 2127 Ille
392 2077 472 2126 vero
494 2053 681 2147 imperfecti
694 2058 920 2130 coniunctivae
942 2066 1126 2150 respondet

103 2148 226 2297 ptativo
244 2148 462 2213 Graecorum.
493 2144 605 2225 Quare
619 2162 692 2207 non
704 2143 911 2226 mirabimur,
927 2148 1125 2218 Ciceronem

125 2254 162 2299 eo
180 2233 303 2298 dixisse
319 2255 354 2320 p.
376 2230 511 2296 (1.1111).
528 2235 568 2310 9,
590 2229 645 2294 25.
667 2248 754 2316 quae
776 2251 902 2296 caussa
927 2246 1015 2300 ante*
1029 2258 1124 2303 mor·

103 2336 142 2383 aa
159 2331 209 2384 est
225 2335 330 2406 quom
351 2329 388 2383 tu
411 2327 518 2381 nutus
535 2334 634 2379 esses·
684 2315 791 2402 Atque
811 2319 930 2382 erravit
954 2321 1125 2388 Gereban-

103 2423 161 2488 us,
186 2422 291 2492 quum
315 2400 503 2490 quindecim
526 2399 694 2465 librorum
713 2401 912 2488 scripturam
935 2405 970 2469 in
985 2406 1075 2473 Lael.
1092 2415 1123 2486 3,

105 2494 133 2555 1.
170 2497 344 2576 tamquam
374 2483 543 2560 soloecam
571 2484 738 2551 reiiceret:
782 2489 925 2553 memini
959 2488 1125 2560 Catonem

103 2596 172 2640 nno
189 2588 271 2641 onte
310 2594 392 2639 ream
406 2584 557 2638 mortuus
573 2577 670 2651 esset,
690 2590 821 2636 mecum
837 2584 870 2638 et
884 2577 1126 2665 cumScipione

103 2660 258 2726 inserere.
282 2595 425 2726 ierfeeti
445 2657 694 2723 coniunctivum
708 2657 843 2745 probati
859 2661 1036 2747 scriptores
1054 2687 1125 2730 non

103 2746 299 2834 surpabant,
327 2746 392 2810 nisi
413 2742 471 2810 ubi
496 2742 558 2808 alia
580 2763 692 2806 caussa
714 2742 887 2809 accedebat
908 2746 945 2809 in
973 2751 1126 2817 oratioue

103 2831 129 2897 el
145 2855 187 2896 ex
203 2830 306 2897 alicua
323 2830 483 2896 sententia
507 2827 730 2916 dependente,
759 2827 809 2892 vel
832 2829 896 2894 alio
912 2832 1017 2898 modo
1039 2836 1126 2901 obli-

103 2923 189 2984 11111.
231 2915 346 2982 Posuit
361 2937 439 2982 eum
455 2914 568 2980 Celsus
584 2922 616 2977 et
644 2913 820 2981 Cornelius
834 2912 965 3004 Nepos,
990 2930 1128 3010 uterque

103 3002 175 3070 uiua
191 3001 322 3068 formae
336 3000 503 3066 studiosus
521 2998 645 3075 fautor.

128 3180 139 3197 χ
194 3140 284 3192 Celsus
298 3136 333 3205 6,
353 3139 485 3210 111111
502 3146 570 3193 ante
588 3145 703 3207 oportet
719 3132 868 3203 desistere,
892 3157 976 3211 qnam
992 3136 1128 3218 frequen.

148 3231 207 3277 tem
237 3224 330 3296 pilum
361 3227 439 3277 nasci
467 3223 641 3293 apparuerit.
689 3217 782 3274 Cicero
815 3218 963 3294 scripsisset
985 3235 1128 3301 apparuit.

112 3350 117 3357 .
151 3310 227 3364 coni.
251 3310 285 3361 ud
308 3309 398 3373 Quint.
424 3308 486 3360 frat.
505 3308 540 3371 1,
558 3301 592 3372 1,
610 3302 652 3358 13.
670 3303 775 3359 Coraci.
793 3310 863 3378 Nep.
876 3311 955 3364 Eum.
976 3311 1010 3376 t,
1028 3315 1053 3366 2.
1071 3331 1128 3367 nort

148 3395 230 3465 prius
250 3393 379 3448 distracti
396 3404 471 3456 sant,
488 3410 571 3465 quam
589 3388 819 3455 alterans-anima
836 3393 986 3465 reliquerit.
1021 3399 1075 3455 (lic.
1095 3400 1129 3452 de

147 3470 254 3534 invent.
273 3479 308 3544 2,
326 3477 369 3541 53,
388 3473 447 3531 160.
471 3476 665 3547 procidentia.
678 3464 738 3542 est,
753 3497 804 3548 per
820 3497 902 3547 quam
918 3470 1054 3549 satarum
1076 3481 1128 3536 ali·
1219 3525 1223 3533 .

149 3563 221 3635 quid
236 3562 363 3631 videtur,
383 3574 532 3635 antequam
541 3552 658 3632 factum
677 3557 738 3625 sit»,
757 3562 875 3633 Plerique
897 3563 1000 3617 codices
1011 3562 1129 3634 factam

146 3658 211 3702 est.-
238 3651 309 3718 quod
334 3648 532 3703 restituendum.
569 3645 641 3698 Caes·
660 3642 724 3698 Bell.
742 3640 811 3697 Gall.
833 3646 865 3712 1,
884 3644 926 3703 58.
948 3669 1034 3722 neque
1049 3655 1129 3720 prius
1235 3670 1245 3683 ‘

140 3727 251 3804 fugere
266 3733 447 3798 destiterunt,
464 3752 547 3806 quam
562 3731 600 3784 ad
623 3728 752 3786 Rbetrum
775 3728 867 3786 millia
885 3751 1018 3803 passuum
1040 3754 1074 3790 ex
1095 3754 1128 3795 eu

148 3815 214 3871 loco
233 3820 341 3872 circiter
359 3821 563 3891 quinquaginta
579 3819 762 3887 pervenerint.
781 3817 819 3867 ita
836 3814 1003 3887 Oudendorp.
1024 3820 1130 3891 scripsit

148 3905 310 3956 auctoritate
330 3905 431 3973 aliquot
454 3905 581 3956 librorum
600 3918 649 3971 pro
667 3912 864 3972 pervenerunt,
885 3904 956 3970 quod
974 3920 1062 3957 verum
1080 3916 1129 3959 cst.

149 3986 268 4041 Libraeii
295 3991 323 4041 in
346 3986 473 4041 eiusmodi
500 3983 660 4040 dictionibus
685 3983 781 4054 ubique
804 3988 832 4037 in
855 3997 978 4056 promptu
999 3988 1130 4043 habebunt

151 4074 365 4127 coniunctivum:
391 4069 418 4124 in
439 4090 492 4124 uno
517 4071 608 4124 codice
634 4071 731 4138 legitur
755 4077 944 4141 pervenirent,
977 4074 1048 4142 quod
1076 4093 1129 4130 non

152 4167 244 4231 aptum
261 4160 447 4218 videturesse
474 4156 508 4214 ob
527 4157 680 4217 tacebulum
694 4148 808 4228 fugere.
843 4156 913 4212 Bene
931 4156 1067 4222 1111111111,
1081 4179 1130 4218 nec

806 4264 850 4326 26
