2618 4770
145 289 210 357 358
636 293 708 359 AN.

145 445 386 511 enuntiationes
405 469 466 534 per
480 468 528 510 an
547 444 710 511 formatas
733 464 802 510 uno
826 447 981 534 obliquae
1003 449 1159 538 interroga-

144 529 244 594 tionis
268 533 411 606 nomine
430 531 649 619 appellabant.
699 531 786 595 Nam
816 556 853 598 ea
876 543 1009 596 tantum
1030 537 1160 600 sentenia

144 615 189 679 ita
202 618 313 681 vocari
331 618 438 698 debet,
460 618 494 680 in
511 638 585 703 qua,
604 619 682 705 quid
703 612 876 703 quaestum
891 617 1005 703 fuerit,
1027 631 1162 701 narratur,

143 711 200 764 aut
216 702 295 789 quid
314 703 539 789 quaerendum
555 704 615 784 sit,
628 705 801 768 indicatur.
855 703 1011 791 Reliquas
1039 707 1163 770 enuntia·

142 784 251 852 tiones
269 788 308 851 ad
326 789 541 854 dubitativum
557 810 658 876 genus
683 787 865 853 referamus
890 810 1024 853 necesse
1045 790 1118 873 erit,
1142 792 1165 856 in

143 892 212 958 quo
239 894 339 960 quam
357 875 426 939 vim
441 873 561 938 habeat
576 873 754 963 panicula,
784 874 860 938 satis
887 897 905 938 a
929 873 1029 957 uobis
1054 870 1166 964 exposi-

143 966 216 1021 tum
232 968 290 1022 est.
333 960 398 1024 Sed
412 961 448 1023 in
467 960 557 1048 ipsa,
579 982 660 1049 quae
681 971 769 1024 recte
790 970 945 1041 vocatur,
976 959 1109 1048 obliqua
1127 962 1166 1025 in-

141 1044 552 1134 terrogationeparticulae
565 1057 681 1111 natura
696 1055 729 1111 et
744 1056 892 1135 potestas
906 1068 977 1109 non
994 1045 1115 1110 aliaest
1129 1058 1168 1110 aut

70 1177 73 1187 .
140 1149 212 1192 esse
235 1140 365 1218 potest,
383 1153 483 1218 quam
500 1131 657 1214 inrecta,
677 1152 784 1219 neque
801 1154 851 1213 un,
863 1151 1026 1218 umquam
1051 1131 1168 1219 ponitur

139 1212 176 1276 in
191 1213 334 1304 simplici
358 1218 637 1303 interrogatione,
668 1217 726 1282 sed
745 1217 781 1280 in
806 1238 860 1296 ea,
886 1237 970 1304 quae
994 1217 1168 1303 oppositio·

140 1318 219 1362 nem
242 1302 335 1366 inse
361 1302 461 1366 habet
481 1302 533 1367 vel
556 1304 661 1368 verbis
687 1324 895 1402 expressum,
927 1301 980 1368 vel
999 1301 1170 1391 intelligen-

141 1383 229 1450 dam.
272 1385 321 1451 Ita
347 1399 434 1452 certe
456 1389 608 1476 antiquus
632 1410 709 1452 usus
732 1386 833 1451 rubet.
879 1387 980 1467 Quod
1007 1389 1170 1464 nonsatis

66 1491 69 1499 ·
139 1472 362 1558 perpenderat
379 1474 554 1539 Schiitzius
563 1524 573 1555 ,
599 1495 703 1560 quum
717 1474 751 1537 in
767 1472 883 1537 Doctr.
901 1473 1024 1536 Partis.
1048 1474 1172 1555 doceret,

140 1578 213 1638 „un
229 1559 381 1646 usurpari
402 1561 436 1625 in
455 1562 714 1647 interrogatione
730 1558 873 1646 obliqua,
897 1581 930 1624 v.
949 1580 978 1622 c.
994 1580 1129 1645 quaero,
1142 1581 1187 1635 aa,

140 1654 314 1728 argentum
329 1645 359 1708 ei
375 1644 535 1710 dederit.“
560 1644 651 1709 Inter
665 1644 864 1708 recentiores
879 1644 1062 1730 scriptores
1077 1655 1174 1709 tamen

139 1728 294 1794 nonnulli
308 1742 418 1814 erant,
442 1732 499 1816 qui
520 1754 568 1794 an
590 1729 734 1817 simplici
756 1751 853 1807 sensu
879 1729 1063 1795 dubitativo
1088 1743 1172 1799 usur.-
1194 1728 1206 1757 ⁵

139 1825 276 1900 pantes,
300 1816 398 1880 ctiam
422 1816 591 1902 obliquam
614 1817 908 1902 interrogationem
931 1816 968 1878 in
994 1815 1086 1880 hune
1109 1837 1174 1881 mo-

140 1898 221 1963 dum
240 1899 515 1983 conformabant,
540 1923 606 1987 quo
626 1902 762 1966 Tacitus
785 1902 871 1967 Anu.
897 1906 938 1982 2,
958 1905 990 1965 9.
1012 1902 1173 1988 quaesito·
1211 1944 1213 1981 ÷

116 2007 218 2071 sque,
239 2009 288 2051 cn
306 1984 437 2053 Caesar
461 1987 614 2054 uenisset.
667 1987 761 2053 Talia
782 1989 817 2052 in
842 1987 1003 2054 Cicerone
1022 2006 1174 2074 nusquam
1211 1998 1213 2053 :

140 2081 330 2135 occurrunt.

244 2212 371 2280 obliquae
397 2214 613 2282 interrogationis
634 2212 699 2268 baec
723 2225 798 2267 sunt:
823 2214 877 2266 cie.
906 2213 979 2264 Orat.
1005 2210 1057 2278 61,
1077 2209 1136 2266 201.
1151 2215 1174 2271 ie

207 2314 263 2368 quo
282 2299 437 2366 quaesitum
462 2310 512 2362 est,
536 2303 564 2353 in
589 2309 687 2352 totone
709 2301 825 2354 circuitu
853 2296 906 2354 ilio
923 2300 1082 2362 orationis,
1098 2324 1131 2340 -
1144 2315 1173 2350 aa

193 2383 236 2446 ¹in
254 2383 401 2452 principiis
428 2382 531 2450 solum,
557 2405 594 2438 an
622 2387 651 2439 in
678 2387 822 2446 extremis,
849 2401 887 2435 an
912 2385 941 2434 in
966 2391 1174 2454 utraque-parts

204 2483 334 2519 numerus
358 2467 490 2522 tenendus
514 2474 560 2524 sit.
594 2471 628 2521 ad
647 2474 700 2521 att.
721 2469 769 2531 12,
788 2466 847 2518 24¹
865 2466 972 2518 Sallust.
1001 2469 1058 2533 lug.
1076 2465 1172 2531 85‚.1t.

203 2549 249 2603 Ae
272 2557 297 2606 st
320 2554 377 2621 iarn
405 2571 440 2607 ex
464 2552 593 2624 patribus
621 2553 719 2608 Albini
747 2561 808 2603 aet
824 2549 938 2604 Bestiae
963 2553 1062 2616 quaeri
1079 2562 1171 2620 posset,

204 2656 283 2689 mene
299 2658 336 2691 an
356 2635 426 2691 illos
448 2657 482 2690 ex
505 2657 534 2691 se
555 2641 636 2710 gigni
657 2629 814 2690 maluerint.
850 2635 904 2686 Cio.
929 2635 958 2684 in
985 2636 1064 2687 Verr.
1090 2625 1172 2698 ml,

202 2719 263 2771 188.
278 2710 395 2792 postulo
412 2722 675 2792 mibirespondeat,
701 2723 749 2793 qui
764 2723 801 2774 sit
818 2723 871 2773 iste
889 2718 1054 2773 Verrucius.-
1085 2737 1172 2772 merse·

204 2815 307 2858 toran
324 2811 504 2879 negotiator,
530 2828 568 2860 an
588 2793 700 2872 mator,
725 2825 764 2861 an
785 2808 950 2878 pecuarius:
976 2806 1007 2858 iu
1031 2804 1128 2859 Sicilia
1142 2807 1171 2861 sit

203 2908 242 2944 au
257 2895 314 2944 iam
332 2892 487 2947 decesserit.

242 3015 360 3067 Petronii
374 3017 453 3069 verba
468 3019 522 3068 Sat.
540 3013 583 3066 51.
604 3024 753 3087 postquam
768 3014 814 3069 illi
828 3012 917 3067 distes
939 3028 1007 3065 num
1025 3011 1096 3084 quid
1110 3010 1173 3066 alius

203 3098 256 3150 seit
271 3087 341 3153 lianc
364 3101 536 3170 condituram
549 3099 725 3154 vitreorum?
751 3104 791 3156 Io.
804 3099 1004 3152 sarisberiensis
1019 3095 1173 3168 Petierunt,

201 3178 229 3232 6.
245 3185 361 3236 reddidit
377 3187 429 3238 ita:
453 3186 592 3256 quaesivit
607 3189 681 3242 enim
702 3186 822 3253 Caesar,
848 3204 885 3238 an
909 3182 985 3237 alius
1005 3187 1091 3240 sciret
1113 3182 1175 3237 haas

202 3267 379 3323 condituram
392 3275 535 3326 vitrorum.

135 3357 138 3361 ’
168 3364 171 3371 ’
236 3374 278 3425 Ile
293 3383 417 3442 corrupto
434 3374 494 3426 loco
517 3375 571 3425 Cic.
591 3373 669 3426 catil.
690 3372 724 3438 2,
748 3373 782 3437 6,
805 3371 846 3425 12.
871 3371 1027 3441 quaesivia
1047 3370 1174 3437 Catilina,

201 3475 240 3509 an
258 3469 390 3510 nocturno
411 3470 546 3512 conventu
567 3458 647 3530 apud
664 3459 713 3511 M.
727 3448 848 3512 Leccam
858 3451 975 3526 fuisset.
1000 3456 1058 3506 dixi
1083 3476 1110 3526 p.
1123 3456 1176 3510 809.

200 3541 256 3595 Cic.
272 3540 301 3592 in
315 3545 391 3595 Verr.
406 3541 440 3610 4,
460 3544 511 3608 12,
529 3542 572 3596 27.
591 3563 674 3613 quum
690 3546 873 3614 quaesissem,
891 3531 1028 3611 numquid
1053 3539 1135 3595 aliud
1149 3539 1177 3592 ds

200 3623 282 3678 bonis
305 3630 364 3680 eius
387 3631 560 3699 pervenisset
584 3628 623 3681 ad
649 3628 777 3688 Verrem,
808 3624 953 3695 respondit
978 3627 1066 3677 istum
1094 3625 1133 3678 ad
1154 3641 1178 3676 se

197 3714 320 3777 misisse,
338 3723 368 3764 ut
388 3712 442 3766 sibi
466 3715 586 3766 mitteret
604 3714 791 3786 Agrigentum
813 3706 1046 3782 peripetasmata.
1095 3710 1178 3787 Quae·

201 3795 273 3858 sivi,
291 3815 329 3847 an
344 3799 484 3852 misisset.-
509 3798 669 3868 respondit,
684 3821 719 3837 --
738 3784 856 3851 misisse.
875 3822 910 3837 -
939 3795 1066 3866 Rogavi,
1091 3812 1178 3865 perse·

135 3876 138 3885 '
198 3881 338 3933 nissentne
361 3883 564 3953 Agrigentum.-
594 3882 667 3936 dixit
686 3883 852 3955 pervenisse.
899 3880 1051 3956 Quaesivi,
1079 3900 1119 3932 an
1135 3878 1179 3931 do·

199 3980 272 4014 nrum
289 3970 482 4021 revertissent:
500 3970 616 4038 negavit
637 3961 727 4019 adbuc
748 3966 909 4020 revertisse·
938 3967 1011 4017 Haec
1027 3965 1067 4016 ita
1086 3965 1180 4017 cohae-

198 4057 257 4096 rent
280 4060 353 4101 recta
376 4054 511 4105 oratione:
539 4053 665 4122 numquid
684 4052 760 4125 ⁹aliud
784 4051 910 4102 debonis
933 4051 986 4100 tuis
1003 4050 1127 4129 pervenit
1150 4047 1182 4098 ed

171 4154 173 4157 ·
197 4132 326 4203 Verrem,
349 4152 383 4189 an
405 4139 608 4210 peripetasmata
633 4132 751 4223 midaii
789 4137 877 4208 (sicuti
898 4136 988 4207 paullo
1010 4145 1089 4190 ente:
1122 4132 1183 4206 quid
