2618 4770
119 314 185 384 ue
255 339 259 351 ‹
298 267 301 277 ’
534 380 537 391 ,
578 307 705 375 seru.
811 309 815 316 ·

137 498 142 505 ·
176 538 179 542 .
225 470 283 525 ets.
296 468 331 523 sle
344 466 396 522 off.
412 465 438 534 1,
457 462 555 531 11,85.
571 466 668 538 inquo
677 472 824 534 tantopere
834 462 916 536 apud
929 471 1042 517 nostros
1057 461 1146 518 iustitie

121 560 125 569 '
189 555 270 613 'stulta
296 564 355 620 est,
382 564 414 608 ut
439 553 487 624 qai
514 554 643 605 ciuitates
668 553 868 605 aestuationes
894 549 1022 605 deuictus
1048 542 1148 600 bellois

68 694 72 699 .
181 634 280 713 'fidem
296 642 480 709 recepissent,
497 652 592 689 earum
609 639 723 708 patroni
748 647 840 692 essent
862 653 940 689 more
966 635 1104 688 maiorum.
1129 633 1148 698 2,

190 724 242 790 24,
257 724 301 782 85.
325 723 394 778 iaec
415 720 494 792 apud
517 728 636 777 maiores
663 731 773 775 nustres
793 717 952 793 factitata.
997 721 1118 772 Gesnerus
1129 718 1148 768 in

120 864 125 871 ,
189 813 324 865 Thesauro
341 827 369 861 u.
385 806 411 860 5.
429 818 458 861 et
473 807 611 861 Ernestius
622 808 658 870 ¹in
670 808 744 859 notis
762 807 798 863 ul
814 807 927 861 Tursell.
949 807 1102 868 docuerunt,
1117 803 1148 854 ubi

192 897 301 949 uerbum
318 895 448 964 passivum
462 903 550 958 esset,
569 891 649 965 apuel
668 911 724 945 esse
744 893 815 947 idem
835 893 908 963 quod
922 911 951 946 a.
970 895 1057 960 Atque
1069 888 1149 941 iuius

191 981 303 1034 Vrsinus
328 979 358 1031 iu
377 979 494 1032 institut.
520 981 597 1048 Tum.
616 979 642 1031 1.
658 996 686 1048 p.
709 973 786 1031 1051.
813 978 872 1031 &d
895 976 1015 1045 Scaliger
1034 974 1066 1027 de
1081 975 1148 1026 (isus

190 1067 225 1120 L.
241 1067 271 1118 1..
291 1063 349 1117 157.
366 1083 393 1134 p.
410 1063 473 1123 898.
494 1066 586 1135 „qued
602 1075 690 1117 eutem
702 1064 793 1129 siunt,
812 1065 883 1134 apud
896 1063 1028 1127 maiores,
1056 1059 1149 1129 positum

187 1169 239 1222 pro
259 1168 294 1202 co
310 1151 382 1219 quod
401 1161 481 1216 essct,
497 1133 672 1215 annuerit-⁸³,
688 1150 784 1201 fulsum
799 1159 855 1202 est:
874 1149 923 1202 sed
941 1157 983 1200 est
1000 1146 1077 1206 sicut,
1085 1151 1149 1195 unu

189 1245 283 1288 nostre
301 1236 352 1287 hee
371 1235 418 1299 fit,
434 1237 532 1305 qnippe
553 1235 688 1304 abaliquo
710 1228 917 1304 upud'cetcrcm
933 1233 1007 1302 qnod
1025 1231 1060 1282 ad
1076 1247 1148 1281 seecu-

159 1358 164 1365 -
189 1321 246 1374 lum
261 1321 313 1374 hoc
329 1321 462 1391 pertinet:
486 1331 638 1393 praesentes
663 1321 733 1373 enim
756 1337 843 1372 sumus
859 1321 1006 1388 tempore.“
1047 1315 1150 1368 Adhuc

188 1408 302 1461 Vrsinus
318 1426 345 1476 p.
364 1405 441 1460 1128.
465 1417 570 1471 monet,
596 1408 755 1458 nouaclum
781 1415 882 1475 tempus
900 1403 1016 1468 inferri,
1041 1401 1087 1454 sed
1107 1414 1162 1473 uus

188 1491 257 1562 plius
276 1492 348 1561 quid.
382 1484 515 1542 Nimirum
536 1509 587 1543 nec
602 1502 704 1560 tempus
729 1490 884 1559 simpliciter
900 1487 1088 1560 ponitur,‚sed
1102 1504 1150 1555 per-

189 1595 274 1641 eonu,
290 1588 339 1629 net
356 1592 463 1627 caussae
478 1575 556 1627 notio
570 1576 748 1644 intelligitur,
768 1575 816 1627 sed
831 1575 903 1638 loci,
922 1575 951 1626 in
962 1592 1025 1646 sque
1040 1571 1100 1642 quid
1114 1589 1150 1638 ap·

190 1672 293 1732 pereat.
326 1660 404 1725 Quod
423 1659 478 1712 (lic.
496 1660 587 1714 Manil.
605 1660 656 1724 21,
673 1659 716 1714 fit.
736 1679 808 1733 qssae
823 1663 852 1714 iu
870 1658 1000 1712 onsnilsus
1016 1652 1152 1726 huminibus

190 1766 267 1822 noua
296 1755 365 1818 post
388 1743 532 1798 huminum
564 1749 724 1800 memorium
754 1747 907 1800 constituta
939 1755 1023 1807 sunt,
1054 1762 1087 1795 ea
1108 1751 1152 1792 tan

188 1830 282 1885 multa
298 1847 355 1882 non
374 1840 440 1882 sunt
456 1848 540 1901 quem
557 1827 633 1896 lece,
648 1848 719 1902 quae
737 1830 766 1883 in
784 1829 837 1883 lnce
852 1848 906 1885 uno
920 1827 1153 1883 homineuielimus.

88 1963 91 1971 .
191 1933 348 1986 quamquem
363 1915 534 1968 schwartzius
552 1900 646 1983 neget,
669 1925 742 1969 recte
768 1915 822 1967 dici
846 1926 953 1985 poterut
975 1914 1055 1987 apud
1071 1898 1153 1983 'omnes

188 2000 325 2055 homines.
358 1999 443 2052 Tacit
463 2002 530 2051 Anu.
553 1999 661 2065 1e,69.
688 2021 737 2055 nec
762 1997 921 2069 dubitatum
946 2010 990 2055 est
1007 1997 1086 2066 apusl
1103 2014 1154 2067 pre·

190 2089 310 2142 uincias·
345 2085 415 2145 Illud
440 2084 518 2155 apud
546 2089 681 2150 maiores,
704 2084 784 2158 apud
804 2089 935 2156 antiquos
957 2082 1073 2153 tempori
1095 2081 1154 2143 desi-

189 2171 295 2241 gnando
316 2170 442 2223 inservit:
467 2187 547 2239 quare
572 2170 715 2238 opponitur
740 2171 795 2224 Cic.
812 2171 879 2223 Phil.
899 2167 934 2236 5,
954 2169 1005 2234 17,
1021 2167 1066 2220 48.
1081 2185 1154 2221 recen·
1191 2155 1194 2161 ’

186 2262 245 2312 tior
262 2258 403 2308 memoria.
438 2256 480 2307 Sic
495 2255 574 2306 etium
596 2256 680 2307 Tacit.
706 2259 773 2308 Ann.
793 2254 827 2320 2,
847 2253 890 2308 33.
907 2254 996 2307 aliam
1017 2251 1095 2323 apusl
1114 2253 1154 2305 Fa·

190 2342 310 2404 bricios,
328 2338 418 2409 ‘aliam
435 2338 515 2410 apud
538 2340 683 2411 Scipiones
706 2342 861 2412 pecuniam.
880 2341 1000 2408 Terent.
1016 2341 1085 2393 Eun.
1099 2337 1122 2400 2,
1135 2335 1156 2397 2,

185 2428 233 2481 15.
252 2425 324 2479 cline
344 2425 392 2477 isti
411 2418 478 2494 fuit
501 2429 597 2496 generi
621 2425 762 2503 quonslam
787 2434 920 2500 quaestus
946 2423 1027 2495 apud
1051 2421 1158 2477 saeclum

188 2516 277 2585 prius.
319 2509 409 2562 Celsus
432 2507 467 2574 3,
491 2509 517 2564 9.
541 2510 619 2583 apud
643 2517 775 2586 antiquos
798 2530 906 2584 quoquc
924 2539 959 2553 -
969 2507 1039 2582 fuit
1068 2509 1158 2564 Petrcn

188 2595 303 2672 quidam
324 2603 375 2646 etc.

224 2686 278 2734 Iste
294 2690 380 2731 entem
402 2678 542 2750 loquutio,
566 2679 595 2731 in
610 2698 661 2751 qua
677 2681 784 2734 verbum
800 2681 931 2754 passivum
947 2698 1004 2733 rem
1021 2689 1106 2731 actam
1121 2675 1157 2727 in·
1192 2680 1194 2687 '

187 2769 276 2833 dicut,
292 2783 346 2817 non
366 2765 398 2818 de
416 2765 525 2833 singulis
544 2766 707 2832 hominibus,
734 2766 781 2818 sed
807 2765 1044 2828 tumultuatim,
1070 2765 1100 2814 de
1113 2777 1158 2831 pu-

189 2854 261 2926 pulis
281 2860 429 2933 usurpatur.
462 2852 530 2902 Num
547 2852 669 2920 qnoniam
687 2870 741 2905 non
764 2871 831 2905 unus
848 2853 955 2923 quidem
980 2861 1074 2901 auctor
1096 2856 1159 2898 acue

190 2940 233 2992 rei
257 2935 387 2988 nominari
413 2943 520 3005 potest,
555 2936 609 2987 loci
645 2938 751 2991 nominc
783 2955 873 2992 omues
902 2934 1160 3007 comprehenduntur.

190 3024 278 3079 Tacit.
294 3025 362 3074 Anu.
381 3015 415 3083 4,
433 3019 477 3072 72.
495 3017 527 3074 ici
541 3019 607 3073 eliis
622 3038 729 3094 quoque
757 3013 920 3077 nationslus
935 3021 1069 3085 arduum,
1093 3013 1161 3087 apul

193 3109 351 3164 Germanos
368 3098 518 3178 difficilius
535 3101 715 3165 tolerabatur.
750 3106 784 3172 1,
803 3107 830 3160 9.
846 3105 925 3183 apucl
941 3106 1092 3178 prudentes
1108 3105 1161 3156 uita

186 3197 247 3251 eius
264 3195 342 3246 uarie
358 3188 549 3244 extollebatur
564 3189 778 3262 'arguebaturvn
809 3193 881 3246 nist.
896 3192 931 3258 2,
948 3191 991 3245 91.
1010 3189 1089 3261 apud
1105 3187 1162 3241 ciui·

188 3289 293 3339 tutent..
314 3286 411 3329 cuncta
428 3279 672 3351 interpretantem,
682 3273 799 3348 funesti
818 3278 919 3331 eminis
939 3276 1001 3330 leco
1025 3284 1162 3347 acceptum

188 3379 242 3426 est.
277 3364 349 3415 curs.
372 3359 405 3427 5,
424 3361 456 3426 1,
480 3360 523 3415 38.
548 3381 597 3416 uec
617 3367 787 3420 meretricum
812 3360 865 3416 lroc
890 3360 1008 3416 dedecus
1031 3371 1092 3425 est,
1118 3354 1162 3411 secl

186 3464 377 3509 metrenarum
393 3449 601 3520 virginumque,
625 3447 704 3521 apud
723 3466 793 3522 quus
816 3451 936 3502 comitas
963 3445 1084 3500 liabetur
1107 3442 1161 3499 uul-

186 3539 249 3614 gati
267 3534 390 3605 eorporis
407 3529 516 3587 vilitas.

235 3636 324 3712 Apucl
341 3635 462 3706 aliquem
479 3651 539 3690 esse
557 3633 654 3686 dieitur
672 3651 722 3704 pru
744 3635 832 3688 locum
849 3634 948 3688 habere
961 3635 1032 3704 apud
1046 3635 1162 3704 aliquem,

189 3728 278 3781 valere
297 3722 366 3793 apud
389 3723 509 3792 aliquem.
544 3719 598 3774 cie.
610 3720 654 3787 ‘de
669 3722 732 3788 Leg.
749 3721 781 3796 2,
800 3719 851 3786 13,
867 3719 911 3774 33.
934 3721 968 3772 de
989 3721 1103 3771 scientie
1117 3737 1162 3771 eu·

188 3811 290 3880 gurali:
308 3828 378 3881 quae
394 3807 463 3863 milri
482 3803 594 3862 videtur
610 3803 688 3877 apud
708 3808 827 3861 maiores
841 3801 937 3875 fuisse
956 3805 1117 3876 dupliciter,
1134 3811 1163 3857 ut

118 3887 121 3897 ’
186 3896 227 3953 ad
249 3891 419 3965 reipublicae
445 3902 554 3964 tempus
579 3910 800 3966 nonnumquam,
829 3891 868 3946 ad
894 3890 997 3964 agendi
1020 3889 1163 3947 eonsilium

136 4046 138 4051 Ι
174 3982 351 4052 saepissime
369 3982 526 4050 pertineret.
553 3977 844 4052 Dupliciterscripsit,
865 3996 920 4031 non
938 3975 1054 4046 duplex,
1072 3987 1103 4028 nt
1119 3994 1163 4027 rc-

187 4064 275 4120 stituit
289 4064 421 4117 Davisius:
437 4082 498 4116 num
514 4064 672 4137 intelligitur
694 4083 753 4118 non,
772 4084 853 4134 genus
870 4063 1011 4127 scientiae,
1036 4062 1086 4113 sed
1106 4079 1164 4118 mc·

187 4154 236 4208 dus
251 4151 312 4206 sius
339 4150 512 4206 adhibendus·
561 4151 613 4205 Gur
629 4145 729 4223 juisse
748 4150 917 4223 *displicuerit
943 4149 1090 4216 Ernestic,
1112 4163 1163 4201 nen
