2618 4770
148 178 203 219 l,

580 277 768 345 AN

122 437 262 527 ‘stingnit
278 434 493 524 antiquorum
509 434 712 522 scriptorum
728 430 828 499 u'su'm
843 457 862 501 a
877 434 1072 512 recentiori,
1095 454 1141 524 quc
1192 451 1198 480 ³

127 527 240 590 nescia
262 546 310 589 aas
331 523 517 609 negativam
543 518 817 610 significationem
841 521 1028 609 occupavit.
1055 521 1145 588 Rarus-
1193 535 1198 565 ²

60 620 68 669 ἲ
126 610 266 676 hornius
282 610 431 674 Gramm.
449 630 484 695 p.
504 605 579 672 498.
604 605 833 671 affirmationis
859 617 892 671 et
906 606 1088 692 negationis
1100 608 1147 673 sin

127 694 304 785 quaesitio
322 702 455 760 accentu
476 692 529 771 vel
545 694 580 757 in
597 714 670 759 voc.
687 691 800 756 nescio
815 691 867 757 vel
883 693 919 758 in
946 691 1068 774 serbo,
1080 692 1147 778 quad
1196 712 1198 721 ·

129 791 211 869 post
227 802 274 844 aa
290 779 404 844 locum
424 778 562 857 obtinet,
582 777 754 865 ponendo,
777 798 981 865 quamquam
997 799 1066 842 esse
1077 778 1150 844 rerba

130 866 325 955 quisquam,
346 885 440 943 anm,
453 886 612 950 possum,
629 884 712 949 quae
728 863 873 928 accentui
913 882 1013 927 arum
1032 885 1050 927 a
1073 871 1102 926 ta
1113 886 1151 928 rs·

131 953 264 1041 quirunt
278 949 414 1015 alteram
437 949 658 1035 negationem.
701 947 793 1013 Hanc
819 949 879 1036 opi
904 883 1153 1015 ‘oncm'difendit

105 1095 108 1099 .
130 1038 165 1102 in
182 1033 395 1121 Ephemerid.
412 1032 539 1101 lenens.
557 1056 587 1099 a.
611 1037 705 1100 1826.
727 1055 761 1096 n.
781 1037 853 1098 176.
881 1035 1071 1122 miramque
1087 1033 1153 1098 addit

133 1120 379 1186 distinctionem
395 1141 490 1184 verae
506 1118 724 1199 simulationis
739 1128 773 1184 et
786 1118 943 1200 ironicae,
965 1129 1002 1185 ct
1019 1140 1086 1185 esse
1097 1140 1153 1182 sca·

119 1206 248 1286 ‘tentius
272 1204 416 1272 nimium
439 1205 556 1286 serias,
592 1227 676 1290 quac
707 1213 858 1270 accentus
882 1203 1153 1293 transpositionem

132 1312 203 1356 non
223 1288 408 1358 admittant.
450 1294 493 1355 At
516 1286 784 1378 quantocumque
802 1290 894 1354 vocis
920 1289 1050 1376 impetu
1068 1289 1154 1353 inten-

134 1374 220 1442 deris
236 1376 351 1457 verba,
373 1397 556 1464 numquam
572 1386 682 1442 tamen
705 1375 743 1438 iis
764 1373 944 1441 inculcabis
967 1374 1155 1460 negationem

133 1471 286 1539 accentu,
303 1458 398 1528 cuius
411 1462 590 1550 recipiendi
608 1459 762 1526 facultate
783 1482 842 1526 cur
864 1469 999 1524 careant
1021 1458 1155 1524 vocabula

133 1547 312 1635 quaedam,
335 1546 423 1628 aliis,
445 1548 500 1645 qui
522 1547 684 1613 eiusmodi
702 1544 939 1630 aenigmatibus
966 1543 1155 1624 delectentur,

132 1631 394 1721 investigandum
405 1633 568 1720 relinquo.
591 1632 720 1697 Novam
735 1630 921 1699 doctrinam
937 1628 1156 1717 aperuitttict

133 1717 316 1784 Weberus:
339 1717 478 1804 duplicis
493 1718 619 1805 generis
643 1736 711 1782 asse
726 1717 838 1797 locos,
864 1715 973 1797 alios,
1004 1715 1042 1782 in
1058 1714 1172 1804 quibus·

65 1820 67 1826 '
134 1803 273 1870 verbum
294 1803 492 1867 coniunctivi
516 1803 627 1880 modi,
659 1802 749 1890 quod
772 1802 939 1900 sequitur,
970 1821 1047 1867 cum
1071 1800 1158 1887 parti·

135 1889 206 1956 cula
226 1912 273 1954 aa
288 1909 358 1950 non
374 1888 564 1962 cohaereat,
597 1887 695 1968 alios,
724 1888 893 1978 inquibus
921 1884 1094 1950 cohaereat
1110 1895 1158 1949 cta

103 1978 105 1985 ’
135 1973 293 2062 particula
308 1983 457 2056 regatur:
488 1973 521 2034 in
545 1972 607 2035 illis
629 1974 782 2058 praecisis
809 1981 843 2036 et
864 1972 1020 2037 seiunctis
1043 1969 1158 2056 intelligi
1180 2050 1183 2057 Ι

138 2059 255 2125 debere
270 2058 382 2121 nescia
396 2080 443 2122 aas
459 2078 527 2121 nou
541 2068 629 2121 recte
645 2058 810 2139 seutiam,
830 2079 896 2144 quo
914 2059 1005 2122 facto
1020 2056 1089 2143 ipsa
1099 2077 1159 2118 seu·

137 2145 238 2209 tentia
255 2142 475 2228 approbetur:
496 2143 529 2205 in
546 2143 597 2206 his
616 2142 750 2228 integris
774 2142 959 2230 improbari
980 2163 1064 2207 rem.
1108 2138 1161 2205 lii·

135 2227 247 2294 rabilis
263 2228 354 2292 istius
370 2227 523 2313 ellipseos
542 2228 578 2291 in
593 2228 711 2308 verbis,
736 2250 819 2314 quae
835 2229 907 2314 ipse
923 2226 1011 2306 fecit,
1027 2225 1159 2306 neamus,

50 2326 52 2333 ’
135 2313 346 2390 cariciacum,
378 2313 542 2379 rationem
558 2313 708 2377 nondum
735 2314 877 2380 reddidit
892 2314 942 2379 vir
958 2312 1093 2388 deonas,
1113 2331 1160 2374 nce

136 2408 247 2461 tamen
268 2419 423 2484 magnam
458 2400 738 2484 exspectationem
772 2400 839 2464 eius
864 2398 1052 2462 concitavit.
1096 2395 1162 2474 Nes,

138 2496 341 2568 quamquam
358 2482 438 2547 haec
469 2506 602 2570 quoque
626 2482 771 2550 formula
800 2483 930 2549 ratione
953 2505 973 2550 a
997 2481 1093 2546 noliis
1110 2480 1162 2544 i'an

138 2569 290 2654 exposita
305 2569 510 2649 continetur,
535 2591 641 2658 neque
660 2569 746 2632 aliud
767 2571 830 2633 nisi
847 2570 913 2635 vim
929 2567 1162 2634 rhetoricamin
1189 2636 1198 2647 ‘A

135 2649 435 2720 notione'insoitiee
449 2656 620 2740 propriam
644 2654 762 2735 habet,
786 2677 846 2722 nec
871 2653 1052 2741 quidquam
1073 2649 1163 2722 differt

135 2738 317 2802 verborum
335 2740 538 2803 constructio
552 2741 586 2802 in
604 2762 696 2805 verae
713 2751 744 2804 et
758 2741 927 2805 simulatae
942 2738 1089 2802 inscitiae
1098 2742 1178 2800 cun?

135 2820 296 2904 sessione,
317 2826 359 2888 ob
379 2825 596 2911 multiplicem
613 2826 812 2911 opinionum
833 2824 1099 2911 discrepantiam,
1116 2831 1161 2885 to·

136 2916 205 2974 tam
221 2930 293 2975 rem
310 2910 478 2997 variasque
494 2932 571 2973 usus
587 2911 788 2975 conditiones
806 2910 1081 2997 percensebimus.

133 3097 145 3117 t
192 3118 194 3123 ,
223 3058 251 3117 1.
291 3055 396 3117 Verba
421 3054 553 3132 nescio,
577 3038 674 3116 harad
696 3050 793 3127 sci0,‘
823 3073 906 3201 quae
931 3061 1058 3114 certam
1085 3048 1166 3135 iguo·

134 3138 273 3202 rationis
289 3142 460 3206 notionem
478 3136 678 3224 significant,
695 3157 799 3226 quum
846 3139 916 3217 ico,
934 3158 1008 3208 mc,
1031 3134 1130 3221 qualis
1144 3138 1168 3194 et

138 3223 320 3307 curpliqua
337 3246 386 3287 res
405 3224 464 3296 sit,
481 3223 624 3301 nescire,
650 3245 689 3284 eo
713 3222 828 3302 etiarn,
852 3244 918 3307 quo
937 3220 1076 3286 verbum
1085 3214 1169 3283 duli-

110 3385 116 3391 .
136 3317 192 3379 to,
210 3313 411 3392 usurpantur
426 3309 529 3372 modo
547 3309 582 3371 in
602 3307 720 3389 animi,
742 3307 818 3392 qui,
835 3317 947 3369 utrum
965 3305 1029 3368 hoc
1047 3304 1090 3368 ari
1106 3297 1171 3368 illud

137 3391 190 3467 sit,
219 3392 393 3472 decernere
417 3414 487 3455 non
505 3393 620 3473 audet,
648 3393 772 3456 incerta
798 3392 969 3455 sententia.
1014 3391 1172 3453 Ponuntur

59 3529 63 3538 ,
139 3475 240 3560 igitur
255 3477 290 3539 in
308 3478 537 3553 disiunctione,
556 3488 588 3541 et
606 3477 754 3542 camdem
773 3476 1031 3539 constructionis
1041 3473 1174 3538 formam

136 3561 314 3648 recipiunt,
338 3583 421 3648 quae
436 3561 705 3648 interrogationis
729 3584 848 3647 genera
871 3560 1054 3631 constituit.
1098 3557 1194 3632 Dici-1

136 3653 191 3708 tur
207 3648 295 3712 enim
313 3648 445 3726 rcescio,¹
478 3646 594 3710 dubito
620 3659 874 3727 utrum-an,
905 3646 1041 3720 nescio,
1073 3643 1176 3710 dubito

135 3752 179 3793 ne
195 3766 234 3779 -
252 3755 323 3812 uu,
349 3743 381 3796 et
407 3731 529 3795 omissa
553 3731 589 3794 in
614 3732 720 3818 priori
745 3732 897 3796 membro
927 3730 1102 3817 particula.
1146 3726 1177 3793 tn

135 3823 275 3901 utraque
297 3828 392 3904 parte
408 3815 568 3882 sententia
583 3826 720 3903 apparet
734 3839 836 3903 aeque
854 3815 963 3881 dubia.

236 3942 290 3992 Cic.
309 3944 342 3997 de
358 3949 432 4001 Orat.
448 3944 482 4009 2,
504 3942 553 4011 13,
573 3940 616 3998 56.
642 3947 684 4026 ita
710 3929 795 4015 porro
817 3943 908 3998 verbis
922 3953 1010 4015 aptus
1024 3954 1053 3997 er
1069 3952 1180 4014 pressus·

203 4035 235 4076 ut
249 4029 370 4093 arescius,
392 4041 483 4082 utrum
503 4032 701 4095 reseratione,
720 4048 757 4081 aa
781 4028 866 4083 uerba
883 4030 1028 4084 sententiis
1049 4028 1180 4082 illustra·

203 4118 257 4162 tur.
289 4113 368 4168 Verr.
384 4111 416 4181 1,
434 4109 487 4179 41,
504 4111 564 4170 tot.
583 4125 677 4170 utrum
693 4113 869 4180 adawuitus,
891 4131 929 4176 aa
949 4124 1086 4180 tentatus,
1104 4132 1140 4168 aa
1155 4130 1182 4152 ⁶
