2618 4770
474 316 582 391 vau.
810 260 813 265 -
998 335 1063 424 aaa
1097 289 1099 293 ἢ

101 479 170 546 »lim
186 501 266 546 vero
283 493 342 542 nm
356 477 453 543 etiarn
471 478 651 567 separabile
672 475 781 543 fuisse.
822 477 861 546 In
871 479 1064 570 Etymolog.

101 570 126 632 5.
148 585 221 647 „Ant
250 564 334 632 valet
360 562 505 628 circum:
535 565 623 628 unde
640 566 721 628 Aen.
737 565 871 645 75565.
895 572 1068 636 amsancti

101 676 143 732 aa,
167 652 202 714 id
224 663 291 730 est,
314 650 408 713 omni
432 673 472 713 ex
484 662 588 734 parte
610 650 739 730 suncti,
761 659 799 712 ut
814 650 943 717 Servius
956 647 1067 722 ¹inter-

101 749 178 801 atur.
228 735 338 800 Fuerit
364 735 402 798 ab
426 733 626 820 graeco'iip,
652 737 679 800 si
702 757 741 799 eo
761 755 838 799 usus
857 736 1063 819 Theocritus,

101 832 188 887 enset
203 819 264 884 lul.
282 820 425 905 Scaliger
440 821 628 889 deCaussis
645 821 669 882 l.
688 819 710 883 l.
729 842 757 883 c.
777 822 847 884 155.
866 824 920 886 sed
938 827 1065 915 decipi-

128 909 188 971 Est
203 904 312 977 autem
328 928 389 973 ,ant
406 905 445 968 ab
464 902 552 987 ἀμφί,
568 901 631 969 κατ’
653 902 820 986 ἀποκοπὴν,
836 912 1005 992 quomodo
1023 906 1064 976 ab

109 1004 137 1056 et
158 989 219 1058 tat
240 1001 318 1055 sunt
339 989 382 1054 ab
409 1002 442 1054 et
466 991 538 1054 sub.
580 992 782 1088 Praepositio
805 1003 854 1055 est
876 992 1063 1081 loquelaris.

101 1079 199 1143 iestus
227 1077 344 1162 aliique
365 1078 718 1173 veteres-grammatici
738 1100 789 1141 eas
813 1091 950 1160 vocant,
984 1104 1066 1167 quae
1123 1146 1130 1157 ,

126 1164 337 1227 inveniuntur
365 1172 550 1249 separatim.
604 1163 739 1226 Veteres
767 1162 864 1226 etiam
893 1168 944 1228 usi
974 1178 1065 1232 extra

102 1249 300 1336 positionem
323 1247 493 1311 videntur:
529 1256 568 1309 ut
591 1247 672 1310 Cato
695 1248 730 1310 in
756 1247 945 1333 Originibus
977 1252 1065 1338 apud

101 1334 229 1398 robium
252 1334 309 1397 lib.
334 1337 363 1396 1.
392 1332 644 1395 Saturn.o.14.
671 1333 943 1398 amterminum.
973 1337 1065 1423 quod

101 1417 208 1483 rebius
240 1418 476 1504 interpretatur
497 1415 625 1480 circum
648 1417 840 1480 terminum.
895 1419 960 1483 Sed
993 1422 1065 1487 falli

101 1504 230 1568 robinm
245 1522 373 1589 unaque
392 1520 470 1567 voce
485 1503 713 1566 unterminum
733 1501 796 1589 legi
820 1503 939 1568 debere
955 1517 1066 1572 censet

104 1589 276 1677 Scaliger.“
297 1589 437 1652 Meliora
452 1585 507 1650 vix
527 1585 591 1651 dici
604 1598 758 1674 possunt.
781 1590 887 1675 Atque
900 1590 934 1665 in
952 1591 991 1655 iis
1007 1615 1065 1656 ac-

102 1697 189 1740 scens
214 1674 385 1737 Conradus
411 1672 627 1737 Schneiderus
650 1673 684 1736 in
701 1673 849 1737 Gramm.
867 1698 900 1761 p.
916 1677 990 1741 533.
1008 1680 1064 1757 ni-

101 1762 200 1825 minus
226 1758 311 1846 apud
336 1759 521 1822 Charisium
549 1764 604 1821 aut
627 1770 816 1845 anasegetes
841 1760 1064 1844 scribendum,

101 1857 149 1909 ost
167 1844 353 1932 amplector
375 1844 571 1932 ponendum
592 1866 660 1907 esse
674 1853 788 1933 putat,
822 1854 878 1908 aut
902 1846 941 1908 ab
961 1847 1065 1912 aliena

104 1951 124 1994 u
147 1930 306 1994 additum.
368 1931 535 2016 Corrupto
558 1939 636 1992 sunt
656 1928 756 1993 verba
779 1928 958 1994 Macrobii:
984 1933 1065 1996 binc

101 2014 140 2080 ius
165 2015 289 2101 Capito
322 2037 451 2079 atinum
476 2036 499 2078 a
522 2014 666 2078 circuitu
690 2016 857 2100 temporis
869 2026 977 2101 putat
1006 2017 1064 2082 di-

101 2125 130 2165 s:
149 2122 231 2188 qura
242 2112 365 2164 veteres
382 2121 435 2164 un
447 2120 514 2186 pro
534 2099 837 2186 circumponere
851 2115 1068 2185 corraserant,

101 2185 169 2253 lato
194 2187 231 2250 in
265 2182 464 2270 Originibus
490 2196 718 2250 oratorum
738 2187 1063 2269 amterminum,

101 2282 145 2349 st,
178 2268 619 2351 circumterminum,
651 2280 682 2334 et
707 2269 953 2358 ambi'repro
979 2275 1064 2338 cir·
1115 2302 1119 2308 ¹

101 2358 194 2422 aire.
240 2355 368 2436 Quibus
389 2363 520 2418 tantum
553 2356 643 2419 abest
670 2365 708 2418 ut
740 2356 883 2421 inaudita
908 2377 973 2429 vox
996 2372 1064 2423 un·
1127 2418 1129 2427 .

101 2444 178 2507 aines
198 2441 431 2519 confirmetur,
461 2447 499 2503 ut
516 2452 627 2528 aperte
654 2441 898 2506 demonstretur
917 2466 1063 2541 praepo-

101 2530 149 2591 nis
166 2549 263 2591 usus:
286 2548 347 2589 nec
365 2534 477 2612 potest
491 2525 546 2588 illa
571 2525 724 2613 Scaligeri
739 2528 897 2591 sententia
918 2551 954 2592 111
976 2530 1062 2593 libro

101 2613 247 2700 sempor.
273 2611 501 2675 emendatione
527 2620 558 2673 et
588 2611 623 2673 in
643 2611 732 2675 notis
756 2613 798 2675 ad
820 2611 953 2677 Festum
978 2638 1063 2701 pro-

101 2709 127 2762 ta
140 2697 288 2785 probari.
331 2696 401 2760 Alia
418 2696 507 2759 enim
521 2706 571 2758 est
587 2718 661 2775 res,
682 2697 965 2783 praepositionem
986 2708 1064 2764 cum

101 2807 130 2848 ιο
147 2782 247 2849 verbo
266 2781 464 2861 coalescere,
486 2781 547 2844 alia
562 2782 843 2869 praepositionem
857 2783 986 2847 nomini
1003 2786 1063 2849 ad-

101 2880 166 2934 tam
183 2868 273 2932 abire
290 2868 324 2930 in
338 2865 531 2930 formulam.
583 2866 713 2930 Paullus
737 2867 904 2949 Diacopus
928 2871 1062 2955 quidem

119 2977 186 3019 am
215 2953 432 3039 praepositio
462 2949 645 3100 lobquelaris
677 2948 856 3050 pignificot
886 2954 1062 3038 circum,
1123 3021 1125 3023 ,

101 3062 231 3125 rsupru
247 3050 394 3115 senous
416 3060 482 3102 am
510 3047 656 3114 octus,
673 3061 735 3102 ae.
752 3051 986 3116 circumactus,
1004 3041 1062 3105 di·

101 3149 120 3190 ·.
146 3126 204 3189 sed
220 3123 299 3187 baec
316 3120 370 3187 ille
394 3144 436 3186 ex
451 3144 508 3186 sua
525 3117 675 3216 doctrina
698 3123 985 3209 praepositionum
1006 3127 1062 3190 lo·
1081 3148 1099 3207 j

101 3211 200 3277 arium
213 3209 456 3296 deprompsisse
472 3206 611 3273 videtur.
652 3207 723 3271 Nos
738 3205 834 3273 facile
849 3231 1062 3297 agnoscemus

101 3318 171 3382 [uae
202 3294 456 3382 praepositionis
485 3291 803 3379 am’integritatem,
841 3307 873 3358 et
896 3297 936 3359 ab
959 3297 1061 3384 ipsius
1133 3368 1135 3373 ¹

101 3405 146 3445 ne
181 3402 256 3457 cum
289 3378 358 3444 aliis
391 3378 510 3462 linguis
545 3378 735 3456 communi,
776 3389 809 3442 et
832 3379 880 3461 'ab
904 3379 1062 3468 'analogia

113 3467 322 3531 vindicatam.
365 3463 408 3526 Et
425 3463 481 3549 qui
505 3473 693 3548 amsegetes
714 3474 747 3526 et
770 3467 955 3529 (intermitti
974 3467 1062 3529 dice·
1087 3536 1091 3547 .

101 3572 157 3631 ur,
176 3551 313 3638 proprie
330 3548 423 3613 erant
437 3570 497 3611 um
515 3557 644 3634 segetes
661 3558 694 3612 et
708 3571 756 3612 on
770 3549 963 3629 terminum.
1001 3551 1063 3614 Ni-

101 3649 197 3720 tutem
218 3637 331 3699 attinet
349 3657 426 3697 cum
443 3634 512 3697 aliis
528 3654 702 3710 recurrere
722 3634 762 3697 ad
789 3636 934 3699 celticam
956 3635 1061 3720 origi·

122 3721 279 3787 'vocabuli
308 3743 383 3800 nm,
418 3729 455 3782 ut
484 3716 564 3782 fecit
595 3719 839 3783 Lindemannus
864 3719 904 3782 de
928 3720 1061 3784 Latinae

101 3831 113 3884 ς.
130 3809 264 3871 Accent.
285 3810 313 3870 l.
330 3829 362 3892 p.
379 3805 433 3869 24.
454 3825 648 3890 comparans
666 3804 832 3868 Celtarum
849 3826 906 3866 am
923 3814 956 3868 et
972 3805 1060 3883 amb,

101 3914 194 3958 arum
212 3912 288 3971 om,
310 3892 554 3955 Germanorum
570 3911 637 3952 um.
667 3890 766 3952 >Haec
783 3890 870 3952 enim
889 3890 1061 3972 vocabula,

102 3977 144 4043 ab
159 3999 228 4040 uno
244 3976 372 4062 populo
382 3976 422 4038 ad
432 3962 532 4038 alium
546 3974 707 4053 traducta,
725 3973 894 4038 communi
909 3977 1061 4040 omnium

101 4065 195 4128 inum
218 4061 354 4148 ingenio·
377 4059 556 4136 debentur,
571 4054 655 4145 fquo
680 4081 734 4138 ea,
765 4079 847 4143 <luae
862 4061 935 4145 pari
954 4060 1058 4126 modo

101 4149 269 4241 ipiuatur,
300 4154 334 4212 et
349 4146 616 4249 ttnaseadsmqua
628 4142 827 4233 cogitatione
840 4141 1058 4219 conformas
1138 4148 1139 4152 ’

1172 678 1179 690 ⁸
1222 630 1233 667 Ι
