2618 4770
473 114 735 198 ANTEQVAM.
1056 129 1120 196 ³99
1158 120 1161 131 '

44 294 157 363 :qaas
180 294 251 338 non
274 281 407 337 tantum
430 293 449 335 a
474 248 613 335 cinsilio
642 277 675 334 et
696 269 867 339 voluntate
889 271 1121 363 proficiscitur,
1228 346 1232 355 ,

43 361 132 433 ised
146 369 178 424 et
193 358 446 424 ratiocinatione
469 357 684 443 supponitur.
733 354 771 422 ld
792 360 931 446 proprie
949 360 988 427 fit
1002 365 1037 429 in
1053 364 1120 432 hoc

12 474 19 513 ι
73 466 135 511 usu
150 442 349 532 praesentisz
371 442 427 507 sed
445 443 597 506 accedere
612 446 724 528 potest
738 443 799 506 alia
815 466 941 527 caussa,
969 453 1121 536 quaein.

12 590 18 595 .
77 531 249 597 dicatirum
274 550 386 592 secum
412 524 520 591 ducat.
577 529 684 613 Atque
715 523 796 594 haec
828 531 952 616 duplex
985 547 1051 616 est,
1088 549 1120 602 et

13 612 16 620 ’
64 616 131 681 'ubi
144 635 297 704 praesens
313 637 377 701 pro
396 612 520 677 aoristo
538 612 677 698 ponitur
692 613 731 677 de
747 637 805 690 re,
840 638 921 702 quac
936 617 1008 684 fieri
1024 623 1121 705 solet,

40 708 49 771 ἶ
78 713 133 767 aut
144 700 275 767 aliunde
291 723 352 787 per
375 699 615 786 experientiam
636 700 766 782 cognita
793 706 859 773 est,
890 709 922 766 et
940 704 994 769 ubi
1012 710 1119 774 oratio

59 794 141 852 'tam
157 796 246 851 certa
260 793 295 865 et.
312 781 418 848 vivida
437 784 582 864 exsistit,
607 791 644 846 ut
661 805 743 870 quae
761 785 915 851 nondum
931 786 1016 856 facta
1032 805 1121 879 suut,

74 890 137 959 pro
156 871 252 938 factis
269 870 472 957 accipiantur
488 878 520 934 et
537 864 623 933 inter
639 891 672 932 se
690 883 937 958 comparentur.

173 989 299 1062 Exempla
312 992 364 1043 iam
383 1007 461 1060 supra
477 1009 504 1060 p.
526 984 587 1041 396.
604 990 746 1045 attulimus.
781 991 824 1042 Sic
844 989 923 1045 etiam
937 992 995 1051 Lir.
1015 996 1059 1062 22,
1076 997 1120 1065 50,

12 1070 26 1133 l*
140 1079 166 1132 8.
182 1079 232 1133 sed
250 1090 332 1142 ante,
353 1096 437 1150 quam
455 1071 592 1146 opprimit
610 1075 669 1138 lux,
689 1079 850 1150 maioraque
868 1076 990 1135 bostiam
1007 1087 1122 1155 agmina

139 1163 289 1236 obsepiant
314 1164 382 1225 tier,
406 1179 456 1232 per
480 1159 550 1224 bos,
583 1162 631 1233 qai
654 1162 810 1217 inordinati
834 1174 918 1235 atqua
941 1170 1122 1239 incompositi

142 1248 306 1320 obstrepant
329 1250 437 1316 portis,
468 1262 652 1315 erantpamus.
700 1251 769 1299 Ante
797 1249 959 1301 Gronovium
985 1253 1122 1322 legebatur

14 1356 23 1387 .·
71 1396 77 1403 ,
137 1345 289 1405 antequam
308 1335 453 1403 opprimat
471 1358 506 1371 -
523 1327 673 1402 obsepiant
692 1332 764 1401 quod
781 1350 834 1385 non
854 1334 958 1392 falsum.

65 1432 235 1524 Loquenti
257 1435 359 1522 igitur
388 1433 587 1520 permissum
614 1443 679 1509 est,
712 1445 827 1499 utrum
849 1454 923 1500 rem
955 1434 1033 1502 velit
1063 1438 1121 1504 fu-

11 1530 46 1615 g,
64 1528 178 1587 turam
197 1544 234 1586 ac
250 1514 441 1607 possibilem
461 1519 615 1605 cogitare,
638 1541 776 1606 eamque
793 1531 1021 1608 superstruere
1035 1545 1122 1588 con-

11 1620 31 1675 ²:
44 1644 50 1657 ·
65 1607 206 1686 ditioni,
234 1629 275 1670 an
290 1615 414 1671 certam
431 1611 464 1668 et
480 1604 665 1669 absolutam
684 1628 820 1692 ponere.
844 1606 977 1680 Cicero,
996 1609 1053 1695 qui
1068 1611 1121 1675 di-

61 1692 286 1780 xit-Philipp.
314 1698 351 1772 1,
384 1690 632 1777 numnquam
656 1690 699 1756 de
722 1691 897 1777 republica
924 1692 1042 1758 dicum
1067 1718 1121 1776 ea,

11 1840 15 1847 .
63 1801 157 1867 quiae
184 1776 334 1843 &canda
358 1776 421 1839 boc
450 1782 600 1861 tempore
628 1773 798 1856 arbitror,
837 1800 1007 1864 exponam
1031 1779 1122 1844 vobis

11 1866 14 1871 ’
65 1875 133 1931 etc.
160 1862 196 1928 lo
223 1873 320 1927 uutus
337 1869 385 1925 est
400 1863 444 1926 ita
464 1861 610 1930 imVerr.
626 1866 666 1942 2,
689 1869 728 1942 1,
752 1869 784 1927 2.
808 1875 994 1950 arateqa-am
1009 1864 1051 1930 cte
1066 1866 1122 1929 in·

64 1886 258 2017 eommoitts
281 1947 423 2011 Siciliae
447 1946 541 2027 dico,
562 1967 678 2046 pauca
699 1948 787 2014 miti
810 1949 968 2014 ridentur
989 1974 1060 2018 aare
1077 1951 1122 2018 dc

18 2062 22 2085 ³
58 2032 267 2125 provinciae
285 2031 461 2120 dignitate
476 2067 520 2081 -
535 2031 696 2099 dicenda.

24 2190 31 2201 ,
65 2153 286 2223 Praecedente
310 2151 445 2232 futuro,
476 2148 624 2238 sequitur
646 2172 801 2239 praesens
826 2152 1039 2222 coniunctivi.
1081 2151 1122 2220 Id

67 2263 140 2333 quo
158 2239 263 2306 modo
282 2235 356 2318 fiat,
385 2238 420 2301 iu
436 2238 651 2325 grammatica
668 2240 860 2329 exponitur.

188 2359 243 2412 Cic.
258 2357 350 2411 Parad.
370 2354 403 2421 6,
425 2356 448 2409 1.
474 2372 624 2429 numquam
649 2358 701 2413 eris
727 2356 822 2422 dues,
850 2369 1000 2433 antequam
1015 2358 1068 2416 tibi
1087 2379 1122 2417 sn

139 2449 198 2500 tuis
220 2440 444 2515 possessionibus
470 2452 579 2494 tantam
604 2441 764 2512 reficiatur,
799 2452 830 2498 at
856 2463 889 2498 eo
917 2449 989 2501 tueri
1009 2465 1059 2500 sea
1084 2447 1123 2504 la·

137 2534 290 2603 giones‘-
311 2529 415 2597 postis.
451 2528 545 2595 vagit.
564 2529 620 2584 Ecl.
639 2533 665 2591 1,
683 2528 726 2582 60.
744 2540 811 2583 anta
830 2528 906 2583 leves
923 2549 989 2602 ergo
1007 2550 1122 2602 pascen-

139 2626 186 2669 tar
204 2615 234 2667 ia
250 2612 361 2669 arctae
380 2611 470 2676 cervi,
486 2636 523 2660 -ι
540 2631 623 2686 qaam
642 2623 736 2669 nostro
766 2613 846 2671 illias
873 2610 985 2668 labatur
1009 2627 1123 2688 pectora

135 2698 245 2755 vuibili·

121 2804 124 2811 ’
184 2799 327 2854 Doelekius
345 2799 374 2855 in
393 2801 508 2854 Gramm.
525 2798 650 2854 scholast.
667 2820 694 2871 p.
710 2794 753 2852 68.
767 2797 885 2869 regulam
905 2800 1135 2865 contestabatur,

138 2886 168 2938 in
197 2889 330 2956 praesenti
361 2899 511 2960 antequam
534 2906 621 2940 secum
653 2888 752 2939 habere
781 2887 989 2951 coniunctivum‚
1016 2891 1121 2959 quando

51 2974 58 2989 ¹
141 2990 231 3024 sermo
251 2974 287 3024 eit
304 2970 336 3024 de
356 2991 386 3024 re
404 2983 545 3037 consueta,
572 2981 600 3026 et
616 2973 720 3042 quando
744 2971 845 3040 aliquid
864 2990 918 3025 nou
936 2992 965 3026 re
985 2993 1047 3026 vera
1064 2974 1122 3027 fieri

140 3057 255 3109 dicatur.
297 3055 366 3107 Illud
393 3058 488 3109 falsum
514 3075 571 3108 esse
598 3056 625 3109 'et
651 3057 720 3108 ratio
741 3066 768 3107 et
790 3059 909 3128 exempla
925 3059 1120 3115 demonstrant:
1160 3088 1161 3093 =

133 3143 193 3196 'hoc
210 3143 245 3194 ad
263 3142 458 3206 conditionem,
484 3141 516 3194 de
537 3158 587 3210 qua
605 3142 676 3205 dixi,
696 3140 820 3211 pertinet.

66 3264 108 3332 In
135 3263 321 3355 praeteritis
353 3273 493 3350 utraque
521 3264 608 3329 ratio
635 3263 730 3332 valet.
780 3260 867 3331 Nam
896 3271 952 3330 aut
979 3286 1032 3330 res
1064 3262 1121 3330 fa-

68 3362 121 3417 cta
140 3361 353 3437 comparatur
377 3370 452 3414 oum
470 3371 507 3414 rc
523 3359 601 3437 post
622 3348 729 3432 facta,
756 3359 909 3438 certaque
930 3348 1011 3415 liaeo
1032 3352 1119 3415 ratio

69 3437 270 3526 exprimitur
284 3435 462 3501 indicativo
478 3431 636 3523 perfecti,
656 3444 778 3501 autres
794 3436 880 3502 faeta
903 3437 1120 3521 componitur

69 3545 149 3588 cum
173 3522 235 3586 alia
259 3522 431 3585 etiamtum
454 3521 676 3608 exspectanda
701 3520 910 3609 ettemporis
928 3520 1122 3588 conditione

68 3607 290 3687 cohaerente,
312 3606 429 3693 idque,
454 3625 557 3691 quum
575 3606 757 3672 intercedat
778 3606 953 3692 cogitatio,
975 3629 1037 3705 per
1051 3608 1121 3670 lm-

67 3692 211 3783 perfecti
234 3701 267 3756 et
290 3690 461 3779 plusquam
489 3690 604 3756 erfeoti
632 3692 876 3757 coniunctivum
907 3690 1119 3778 significatur.

67 3781 177 3865 Atque
193 3779 229 3842 in
247 3775 299 3840 his
316 3798 448 3874 quoque
463 3715 605 3841 liberum
629 3787 679 3843 est
694 3775 909 3865 scriptoribus
925 3798 1119 3843 concessum

68 3863 256 3930 arbitrium.
300 3861 365 3925 Sed
389 3885 425 3925 rn
450 3862 656 3940 narratione,
695 3883 759 3948 qua
784 3861 956 3948 quomodo
981 3885 1033 3927 res
1057 3885 1119 3928 co-

67 3950 228 4016 haereant
241 3947 441 4036 exponitur,
466 3951 670 4032 uecessan‘o,
699 3947 763 4013 nisi
782 3946 978 4036 negligentia
992 3958 1118 4038 peceat,
