2618 4770
220 284 282 347 510
607 232 771 359 ATQuu.
816 272 883 343 Ac.
967 255 995 370 f
1030 322 1034 337 .

334 436 390 489 Cic·
406 452 433 504 p.
452 434 526 486 Cael.
547 432 595 500 18,
619 432 662 487 43.
682 454 716 488 ae
734 432 818 488 multi
841 442 869 487 et
886 444 990 487 -aostra
1007 443 1039 488 et
1056 438 1177 507 patrum
1192 436 1259 491 maia

289 542 404 595 rumque
423 522 573 582 memoria,
590 518 711 581 iudices,
731 521 832 572 summi
848 517 973 574 homiues
990 533 1018 574 et
1034 519 1188 578 clarissimi
1206 527 1262 578 cives

284 603 421 682 fueruat.²
447 605 570 657 Editores
587 605 692 674 quidam
711 615 883 656 correxerunt
900 615 931 657 at
953 605 1045 662 multi.

303 733 336 791 2.
365 726 518 813 Sequitur
534 746 576 786 ae
589 732 668 809 post
691 734 743 787 et:
769 722 809 786 de
824 737 900 809 'quo
924 725 1133 790 Goerenzius
1154 727 1194 791 ad
1210 729 1264 792 Cir.

221 813 263 879 de
286 812 359 878 Fin.
378 811 415 891 4,
438 815 497 889 22,
522 812 573 873 61.
594 808 674 887 „sed
701 818 851 872 accurate
876 810 1024 887 notabis,
1058 813 1187 897 inquit,
1216 836 1266 901 per

221 923 266 964 ac
288 918 421 975 semper
441 893 512 959 fere
536 902 665 980 partem
688 893 795 958 solere
821 897 909 975 eius,
940 895 1029 980 quod
1058 908 1137 962 ante
1161 913 1266 985 peret

220 984 435 1071 iungebatur,
459 979 644 1066 insigniri.“
687 980 781 1060 Quae
798 1002 873 1066 pars
897 981 1122 1068 intelligatur,
1142 1007 1265 1070 esupe-

220 1071 305 1136 riori
330 1066 539 1153 expositione
562 1063 698 1152 patebit.
745 1065 954 1131 Contrarium
977 1070 1184 1137 sententiam
1203 1071 1267 1136 vide

324 1275 378 1328 Cic.
400 1275 433 1325 de
452 1275 526 1324 Orat.
546 1271 579 1332 1,
598 1268 648 1332 58,
664 1267 726 1323 247.
750 1268 877 1341 equidem
905 1271 1042 1340 putabam
1066 1276 1203 1330 virtutem
1226 1275 1267 1330 lra-

288 1358 410 1414 minibus
428 1355 599 1412 instituendo
620 1366 648 1408 et
665 1354 867 1425 persuadendo,
879 1373 935 1408 uon
950 1361 1032 1412 minis
1050 1369 1078 1412 et
1102 1363 1135 1414 vi
1151 1382 1185 1414 ae
1202 1375 1267 1415 metu

289 1444 373 1499 eradi.
409 1442 546 1509 Intellige,
572 1441 597 1492 vi
614 1429 725 1508 ideoque
742 1452 828 1492 meta:
853 1440 910 1493 und
926 1441 1039 1494 soraeb.
1064 1443 1111 1500 ,tle
1133 1447 1184 1497 Off.
1204 1446 1229 1509 S,
1247 1449 1266 1512 l,

290 1530 316 1582 1.
333 1524 490 1600 magnifica
509 1543 574 1578 vero
592 1543 650 1578 vox
669 1537 697 1578 et
715 1541 816 1597 magno
832 1530 893 1581 viro
910 1547 944 1578 ac
963 1532 1090 1597 sapiente
1109 1528 1206 1600 digua.
1223 1535 1266 1583 Per

291 1635 325 1668 ae
343 1622 452 1683 apparet
476 1612 582 1680 gravior
601 1612 641 1663 'vis
660 1611 767 1663 alterins
784 1611 898 1662 nominis
919 1613 1045 1674 Quinctil.
1062 1616 1130 1666 lust.
1148 1616 1180 1683 8,
1197 1619 1228 1681 3,
1244 1617 1263 1670 3.
1293 1642 1296 1647 ·

292 1703 415 1772 qui‘aon
435 1707 598 1768 assequutus
616 1707 687 1750 esset
708 1696 833 1750 docendo
850 1695 969 1750 iudiceris
988 1708 1102 1751 tautum
1122 1712 1151 1755 et
1170 1703 1264 1758 utiliter

291 1783 451 1836 demamus
468 1781 556 1836 latine
575 1785 773 1854 perspicueque
790 1780 917 1836 dicendo.

304 1886 463 1952 Proxime
482 1889 579 1950 etiam
597 1885 833 1972 sequiturque.

323 2009 409 2059 Varro
429 2006 498 2075 apud
520 2008 591 2058 Non.
617 2025 637 2056 s.
661 2024 686 2056 v.
715 2004 1052 2077 aeternareelitterisque
1078 2027 1114 2060 ae
1144 2007 1260 2063 laudibus

211 2112 218 2125 ⁸
289 2102 440 2147 aeternare.
458 2091 517 2143 Liv.
534 2089 577 2155 26,
590 2089 631 2158 10,
643 2085 670 2141 4.
689 2088 899 2164 submoverique
911 2100 995 2162 atque
1015 2096 1046 2146 ia
1062 2106 1157 2146 castra
1174 2095 1258 2165 religi.

198 3191 213 3220 l

305 2217 337 2274 3.
376 2208 414 2273 In
438 2208 614 2295 multiplici
641 2209 837 2296 repetitione
862 2209 1040 2298 particulae
1066 2215 1257 2295 grammatici
1279 2191 1282 2195 .

187 2369 190 2374 ¹
223 2294 358 2383 quidam
375 2296 600 2391 nescioquam
617 2294 810 2380 elegantiam
829 2294 1016 2360 observasse
1031 2294 1170 2361 sibi-visi
1186 2309 1257 2361 sunt.

220 2387 264 2447 At
286 2381 365 2444 haec
391 2401 529 2444 omnmo
554 2378 646 2443 nulla
670 2390 735 2460 est,
761 2380 996 2467 nisi'soriptor
1022 2391 1112 2445 certa
1144 2386 1257 2447 ratione

220 2488 298 2530 usus
314 2465 427 2528 luerit.
468 2465 585 2528 Poetae
609 2488 704 2553 saepe
726 2476 835 2529 metro
854 2476 886 2530 et
900 2466 1063 2530 vocalium
1079 2471 1256 2532 sonantium

222 2552 395 2616 concentui
406 2550 629 2634 indulgebant,
643 2552 791 2637 nequein
802 2550 863 2614 hae
877 2552 1068 2616 necessitate
1083 2555 1179 2618 nobis
1196 2578 1257 2640 per·

221 2637 417 2706 mittebant,
445 2657 511 2721 quo
528 2648 628 2722 utque
654 2662 671 2701 a
698 2637 810 2701 ceteris
831 2636 957 2722 copulis
984 2635 1256 2724 distingueremus.

220 2723 269 2788 Ita
283 2722 370 2810 apud
387 2722 502 2808 Virgil.
528 2722 648 2809 Georg.¹
668 2723 707 2802 4,
726 2726 800 2785 461.
808 2721 944 2809 flerunt
964 2719 1186 2872 Rhodopeiae
1207 2749 1258 2790 ur·

221 2833 276 2873 ees
301 2809 438 2895 altaque
453 2807 628 2894 Pangaea
653 2820 686 2873 et
702 2805 805 2872 Rhesi
834 2807 1006 2872 mavortia
1031 2809 1080 2872 tel
1093 2832 1152 2889 ue,
1173 2824 1259 2898 atque

135 2946 141 2960 .
224 2895 351 2969 Getae,
377 2905 477 2980 atque
501 2891 652 2970 Hebrus,
682 2905 715 2958 et
738 2893 862 2963 Actias
888 2893 1059 2979 Orithyia.
1113 2897 1259 2962 Oratores

25 3024 32 3031 -
129 2994 135 3009 ‘
222 2990 332 3051 aretem
358 3000 427 3065 quo
450 2979 554 3041 modo
575 2980 642 3043 vim
665 2980 808 3064 aliquam
831 2979 1015 3043 addiderint
1038 3002 1100 3066 per
1123 2983 1260 3070 partiou-

153 3076 155 3083 '
221 3066 307 3150 lum,
329 3065 364 3128 id
381 3085 421 3128 ex
437 3064 585 3129 universa
601 3064 662 3128 hac
680 3065 831 3161 doctrina
848 3074 986 3129 constat.

326 3185 381 3237 cte.
397 3186 431 3236 ad
448 3186 520 3236 Fam.
539 3183 570 3249 1,
588 3181 623 3248 5,
643 3183 668 3235 8.
686 3183 854 3256 dignitatem
872 3197 948 3238 tuam
969 3189 998 3240 iu
1018 3189 1125 3247 virtute
1141 3200 1222 3261 atque
1239 3189 1263 3240 ia

221 3324 224 3329 .
288 3269 370 3326 rebus
390 3272 478 3341 gestis
497 3273 571 3333 tuis,
595 3264 680 3342 atque
700 3271 729 3323 iu
753 3281 803 3323 tua
822 3277 965 3343 gravitate
986 3276 1111 3341 positam
1132 3279 1264 3330 existina-

289 3377 328 3411 η.
364 3355 396 3407 de
414 3357 477 3423 Leg.
492 3355 521 3420 3,
540 3353 567 3420 9,
585 3356 628 3408 20.
647 3365 731 3427 atque
750 3367 781 3409 ut
806 3356 835 3410 C·
854 3357 1022 3411 Flaminium
1040 3369 1127 3431 atque
1147 3379 1265 3432 eaquae

222 3434 224 3439 ,
289 3447 348 3498 iam
368 3445 461 3512 prisca
475 3440 613 3505 videatur,
631 3452 747 3512 propter
766 3452 933 3496 vetustatem
952 3443 1116 3516 relinquam.
1152 3447 1227 3498 Conf.
1244 3465 1265 3513 p.

292 3528 365 3580 Coel.
382 3525 432 3589 19,
449 3524 492 3576 45.
522 3524 597 3594 Apud
616 3529 722 3580 Sueten.
740 3528 884 3597 calig..52.
912 3533 1018 3583 vestitu
1045 3529 1221 3600 calciatuque
1243 3541 1266 3580 et

290 3624 377 3667 cetero
405 3607 518 3674 babitu,
543 3630 629 3681 neque
657 3615 771 3681 patria,
797 3635 883 3688 neque
909 3614 989 3669 civili
1008 3635 1040 3666 ac
1060 3633 1095 3666 ue
1114 3614 1195 3669 civili
1214 3617 1267 3685 qui·

291 3697 362 3758 dem,
380 3716 414 3748 ac
431 3694 548 3767 denique
568 3695 689 3749 bumana
710 3715 819 3769 semper
838 3717 902 3752 usus
917 3711 968 3753 est.
985 3698 1099 3768 Wollins
1117 3697 1187 3751 vidit
1204 3699 1267 3751 scri-

289 3782 404 3835 bendum
422 3799 478 3832 esse
497 3791 547 3833 aut
562 3780 686 3854 denique.

304 3899 336 3963 4³.
364 3897 483 3962 Poetae
499 3910 699 3988 usurparunt
714 3911 815 3988 atque
833 3936 875 3949 -—
891 3912 991 3990 atque
1007 3921 1070 3990 pro
1088 3912 1122 3966 et
1137 3939 1182 3950 -
1197 3913 1238 3966 et.
1301 3994 1303 4000 Ι

333 4034 428 4101 virgil.
452 4034 544 4104 Eulog.
566 4035 601 4104 5,
617 4035 661 4088 22.
682 4053 766 4108 quum
784 4063 819 4077 ···
838 4047 922 4109 atque
940 4038 1007 4092 deos
1026 4049 1111 4109 atque
1130 4050 1211 4092 astra
1227 4038 1271 4091 τό·

185 4132 192 4143 ‘
290 4131 334 4177 rat
349 4120 473 4178 crudelia
489 4132 591 4185 „reaten
626 4121 710 4174 Getul.
727 4119 779 4189 68,
800 4119 859 4176 162.
877 4123 945 4180 baec
961 4134 1044 4193 atque
1063 4122 1118 4178 itta
1138 4124 1211 4191 dies,
1231 4135 1272 4177 at·
