2618 4770
220 293 285 358 492
607 285 780 368 ATQVE.
816 285 885 352 AC.

307 446 359 510 16.
391 425 541 509 Transeo
562 439 603 505 ad
624 381 892 540 Q
905 452 938 507 et
951 400 1262 532 pidehirmptionem.

218 530 305 597 Nam
321 552 394 595 eam
408 529 476 594 vim
492 525 594 592 habet
614 526 695 591 haec
718 528 898 615 particula,
922 538 960 590 ut
983 528 1071 593 aliud
1092 530 1173 615 quid
1191 530 1263 596 adii·

16 694 22 701 ,
118 678 150 695 ,μ
185 622 200 687 ,·’
220 617 284 681 ciat
303 616 428 701 aequali
452 635 494 676 ex
515 614 660 691 ratione,
685 637 752 699 quo
774 614 875 678 simul
901 614 1168 701 comprehenso,
1195 639 1264 680 con-

92 692 145 787 ,λγ
177 713 184 761 ε’
220 699 533 767 elusioconheitur:
558 711 745 763 nectamen
765 721 897 763 necesse
922 711 988 771 est,
1012 700 1184 764 conclusio
1206 703 1215 764 i
1238 727 1265 766 sa
1302 742 1305 773 1

77 772 85 813 s
175 768 329 897 bverbis
346 786 564 874 exprimatur.
608 784 718 865 Quam
730 784 880 862 ⁸formam
898 787 1107 870 grammatici
1124 808 1203 850 cum
1217 727 1264 851 lb·
1302 778 1305 849 l

218 874 298 963 gicis
322 870 584 956 assumptionem
605 881 736 935 vocant.
779 871 847 934 Nos
866 871 1023 935 Germani
1049 893 1157 957 quum
1180 873 1212 936 in
1234 896 1264 938 ea
1302 870 1305 917 ÷

220 957 415 1026 adhibemus
430 953 588 1019 vocabula
602 978 673 1020 nun
688 967 720 1020 et
737 979 808 1020 nun
823 955 916 1038 aber,
935 955 1161 1044 significamus
1178 957 1266 1024 aliam

217 1068 293 1113 rem
310 1041 489 1130 aequaliter
512 1060 581 1104 esse
605 1030 889 1124 considerandam,
931 1042 1079 1107 Tantum
1104 1065 1187 1108 vero
1212 1044 1265 1108 ab·

217 1141 286 1211 est,
306 1127 436 1194 utillud
454 1124 536 1189 uber
559 1127 657 1191 etiam
675 1127 836 1214 particula
858 1127 958 1192 latina
984 1127 1209 1215 significetur,
1235 1141 1266 1192 ut

217 1218 289 1305 ipsa
305 1215 367 1278 hac
383 1236 419 1277 re
433 1210 652 1298 distinguatur
668 1236 704 1276 ea
730 1213 771 1278 ab
795 1213 956 1278 vocabulo
973 1213 1086 1301 atqui,
1110 1215 1167 1278 cui
1189 1237 1267 1301 pro-

217 1303 292 1392 pria
308 1302 355 1365 vis
370 1298 569 1363 adversativa
588 1298 747 1378 inhaeret.
789 1298 830 1362 In
850 1299 1011 1385 particula
1032 1312 1137 1387 atque
1161 1322 1267 1386 oppo-

218 1388 294 1453 sitio
318 1398 367 1450 est
389 1383 498 1462 nulla,
534 1393 622 1447 certe
645 1407 714 1449 non
744 1407 784 1448 ex
812 1384 945 1448 rimitur
968 1407 1032 1448 una
1055 1384 1119 1449 hae
1145 1387 1265 1450 vocula.

218 1475 432 1540 Contrarium
448 1479 586 1555 apparet
602 1470 636 1533 in
653 1482 708 1546 at,
738 1481 770 1534 et
786 1408 936 1534 distinata
954 1492 1028 1534 cum
1048 1471 1220 1536 relatione*
1236 1474 1267 1537 in

217 1559 327 1646 atqui.
370 1555 468 1636 Quod
493 1566 602 1619 autem
628 1557 663 1618 in
690 1556 839 1642 plurimis
863 1557 1023 1643 exemplis
1046 1558 1204 1643 proxime
1221 1583 1268 1622 se-

219 1647 333 1731 qnitur
346 1663 537 1729 pronomen
552 1643 728 1727 personale
742 1641 795 1707 vel
815 1641 1135 1724 demonstrativum,
1159 1643 1194 1707 id
1217 1667 1267 1709 ae-

218 1730 383 1820 quationis
401 1727 433 1791 vi
451 1725 603 1790 efficitur.

232 1873 235 1880 .
262 1833 264 1839 ’
322 1832 376 1882 Cic.
400 1829 434 1880 ad
457 1829 537 1880 Attia.
562 1828 596 1890 6,
620 1827 645 1883 1.
674 1838 705 1881 at
742 1829 882 1900 Scaptius⁸
906 1839 1055 1901 qrraternas
1089 1829 1264 1901 postulabat.

284 1918 396 1978 Metui,
421 1918 446 1968 si
463 1918 647 1983 impetrasset,
667 1934 701 1966 ne
719 1923 749 1966 tu
769 1917 832 1984 ipse
850 1934 893 1968 me
909 1936 1003 1970 aurare
1020 1917 1180 1970 desineres.-
1207 1937 1266 1970 nam

284 2003 321 2058 ab
347 2001 438 2055 edicto
463 2017 523 2052 meo
548 1984 736 2063 recessissem,
763 2009 791 2052 et
821 2001 963 2054 civitatem
989 2003 1017 2054 in
1045 2003 1166 2057 Catonis
1191 2015 1217 2057 et
1242 2005 1267 2054 ia

283 2089 374 2158 ipsius
393 2086 473 2139 Bruti
485 2082 549 2152 fide
567 2083 709 2148 locatam,
737 2084 859 2156 narisque
875 2084 1017 2156 beneficiis
1037 2102 1185 2148 ornatam,
1200 2083 1267 2157 fau·

284 2176 361 2229 clitus
378 2169 569 2239 perdidissem.
606 2171 699 2241 Atque
722 2168 774 2222 ltoc
802 2179 927 2240 tempore
954 2176 1016 2243 ipso
1044 2172 1180 2244 impingit
1204 2171 1267 2224 mili

281 2256 435 2329 epistolam
457 2257 589 2323 Scaptius
612 2256 709 2318 Bruti,
737 2275 794 2309 rem
819 2253 902 2309 illam
928 2274 978 2310 suo
1004 2256 1131 2327 periculo
1151 2275 1218 2310 esse.
1234 2283 1264 2297 -

285 2346 339 2399 His
364 2341 399 2394 de
422 2340 526 2410 caussis
547 2339 628 2393 credo
662 2341 808 2409 Scaptium
836 2343 957 2413 iniquius
976 2341 1011 2395 de
1034 2361 1078 2396 me
1102 2341 1214 2414 aliquid
1230 2340 1264 2393 ad

283 2431 401 2484 Brutum
421 2427 572 2491 scripsisse.
606 2428 637 2476 ln
655 2427 723 2477 libro
746 2426 778 2478 de
803 2429 867 2479 Nat.
894 2428 920 2480 d.
947 2424 1113 2492 2‚15,40.
1140 2428 1206 2479 haec
1227 2436 1262 2477 est

282 2509 411 2567 orationis
431 2511 622 2562 conformatio:
644 2510 685 2562 sol
710 2510 803 2562 similis
822 2523 863 2564 est
880 2524 925 2565 aut
944 2515 969 2566 ei
988 2513 1062 2582 igni,
1091 2531 1172 2581 quem
1188 2512 1258 2563 adhi-

280 2603 370 2652 bemus
389 2596 422 2647 ad
442 2595 511 2647 vitae
528 2615 619 2660 usum,
637 2596 740 2660 antei,
760 2594 804 2666 qui
830 2597 984 2667 corporibus
1008 2599 1182 2649 animantium
1199 2616 1258 2650 con·

199 2707 201 2714 ⁴
281 2687 406 2737 tinctur.‘
423 2685 508 2749 Atque
526 2682 570 2732 hic
596 2700 757 2750 quocumque
781 2683 896 2747 invasit,
928 2694 1022 2734 cuncta
1047 2684 1196 2746 disturbat,
1219 2683 1257 2733 ille

283 2770 370 2823 omnia
388 2778 526 2820 conservat
544 2778 571 2820 et
588 2768 644 2818 alit.
681 2760 767 2830 Quare
787 2787 843 2821 non
863 2770 969 2820 dubium
988 2780 1045 2831 est,
1064 2770 1129 2836 quin
1148 2770 1190 2821 sol
1204 2768 1257 2819 huic

231 2901 233 2907 ,
280 2855 358 2908 alteri
376 2852 469 2904 similis
488 2853 531 2905 sit.
567 2854 735 2906 Heindorfins
750 2873 782 2905 ex
800 2872 853 2905 uno
870 2854 962 2906 codice
980 2854 1065 2906 edidit
1080 2859 1179 2927 atqui,
1198 2871 1256 2923 pro-

281 2942 355 2992 bavit
380 2941 508 2990 Moserus.
544 2940 688 2991 Columella
707 2942 791 3009 praei.
809 2939 835 2993 3.
853 2960 902 2992 uec
917 2950 985 3011 post
1001 2937 1070 2994 haec
1087 2935 1152 2993 reor
1170 2941 1256 2992 intem·

277 3028 408 3100 perantia
433 3023 505 3077 coeii
523 3024 604 3078 nobis
628 3029 698 3090 ista,
725 3027 775 3079 sed
799 3036 896 3079 nostro
912 3025 1019 3095 'potius
1037 3023 1165 3078 accidere
1181 3027 1254 3083 vitio,

282 3115 329 3185 qui
352 3110 409 3163 rent
433 3113 564 3163 rusticam
584 3115 706 3180 pessimo
728 3117 824 3184 cuique
848 3128 1003 3172 servorum,
1028 3109 1108 3162 velut
1131 3108 1255 3179 carnifici,

280 3216 373 3252 nouae
390 3193 533 3256 dedimus,
562 3215 645 3281 quam
662 3200 797 3248 maiorum
816 3198 976 3248 nostrorum
1000 3198 1127 3265 optimus
1151 3196 1256 3268 quisque

279 3297 307 3339 et
326 3283 431 3353 optime
449 3284 619 3334 tractaverit.
654 3282 747 3352 Atque
771 3300 822 3352 ego
847 3285 917 3334 satis
938 3273 1255 3352 mirari'non'p'ossum,

280 3369 350 3442 quid
364 3372 406 3423 ita
425 3363 536 3418 dicendi
556 3365 677 3436 seligant
695 3376 852 3428 oratorem,
873 3370 950 3418 auius
969 3369 1113 3419 imitentur
1133 3365 1255 3435 eloquen-

282 3460 361 3508 tiam.
388 3453 407 3503 i.
425 3469 448 3502 e.
473 3461 551 3519 atque
577 3453 669 3504 eodem
697 3453 786 3506 modo.
819 3455 887 3503 Ante
913 3450 1101 3522 Schneidernrn
1126 3451 1256 3517 legebatur

199 3584 209 3597 ,
279 3542 369 3609 atqui.
412 3537 504 3587 Cicero
527 3536 559 3586 de
588 3541 660 3588 Orat.
686 3537 718 3601 1,
745 3538 794 3600 12,
818 3536 860 3588 ⁵4.
884 3554 1020 3604 exponere.
1037 3537 1109 3599 vult,
1138 3540 1256 3604 qnantum

279 3633 403 3693 oporteat
420 3631 551 3674 oratorem
570 3623 702 3689 cognitam
722 3622 819 3674 habere
836 3623 1041 3691 philosophiam.
1077 3622 1108 3672 Id
1126 3622 1179 3674 hoc
1199 3638 1255 3671 mo-

278 3711 313 3760 do
338 3708 507 3758 demonstrat.
555 3707 627 3783 Quis
652 3712 725 3762 enim
742 3710 843 3769 nescit,
866 3707 1017 3758 niaximum
1041 3711 1100 3761 vim
1126 3711 1255 3760 exsistere

278 3795 399 3847 oratoris
414 3794 444 3845 in
466 3790 608 3845 bantinum
626 3791 761 3845 mentibus
786 3791 832 3846 vel
856 3791 895 3844 ad
918 3796 1006 3856 iram,
1031 3791 1079 3844 vel
1098 3792 1138 3844 ad
1158 3791 1255 3853 odiunt,

278 3891 328 3933 aut
349 3876 475 3929 dolorem
494 3875 661 3939 incitandis,
688 3876 735 3929 vel
757 3875 794 3929 ab
822 3876 896 3929 bisce
920 3879 1020 3932 iisdem
1039 3872 1256 3947 permotionibus

278 3964 318 4018 ad
336 3963 479 4017 lenitatem
504 3960 773 4032 misericordiamque
794 3963 981 4017 revocandis?
1015 3963 1110 4039 Quare
1135 3962 1191 4014 nisi
1214 3960 1258 4030 qui

276 4061 392 4104 naturas
407 4047 550 4101 lioruiaum
564 4051 675 4119 vimque
685 4065 793 4105 onrnem
809 4046 996 4130 bunranitatis
1017 4064 1186 4117 caussasque
1202 4063 1258 4108 eas,

278 4134 375 4206 quibus
393 4137 497 4201 meritas
514 4143 565 4188 aut
587 4136 759 4197 incitantur,
779 4143 829 4187 aut
850 4131 1046 4202 reflectuntur,
1065 4135 1182 4205 penitus
1200 4152 1259 4203 per·
