2618 4770
633 284 802 359 A'iTEMi

270 452 422 510 ostendunt.
457 446 638 503 Librariorsus
653 444 820 501 udulitutstu
836 442 865 498 iu
881 442 1065 500 mnusctsud'a
1078 454 1109 498 et
1125 436 1245 499 fulciendi

200 520 203 525 ¹
270 540 407 600 cranous,
433 551 501 606 quas
524 533 652 586 dissoluta
676 543 723 585 aut
740 549 795 584 nou
817 532 882 584 satis
907 542 968 604 apta
991 531 1154 594 sisteretur,
1182 546 1246 603 neas

269 624 354 692 tnagis
371 631 494 690 expertus
512 629 554 672 ast
569 635 646 688 quam
663 617 762 671 Lniua.
795 617 857 677 Viti.
878 616 1082 671 Drakenborch.
1105 615 1144 667 ad
1166 614 1201 679 4,
1215 613 1249 691 ii,

271 707 298 763 a
314 708 366 771 ιι,
385 705 435 772 ιο,
457 704 499 757 ιι.
532 690 670 756 conanus
692 704 783 773 napos
799 713 827 755 et
840 703 985 756 -ssaono
1010 701 1170 773 „sissima
1194 701 1250 754 aas

270 811 362 847 vocem
382 797 508 860 usurpant
525 789 554 840 in
573 789 742 853 narratione,
760 789 805 840 ubi
822 788 856 841 ud
874 788 953 840 aliam
970 805 1028 840 rent
1042 804 1073 839 sa
1089 795 1249 838 conuertunt.

213 898 218 906 ·
272 878 386 942 Tacito,
402 875 475 928 cuius
491 875 608 927 brevitas
625 885 763 928 externum
784 873 914 927 orationis
930 881 1054 925 nutum
1071 871 1208 941 repudiat,
1221 870 1250 922 li·

272 963 356 1017 brasii
373 979 427 1013 nou
444 977 497 1013 uno
516 961 545 1012 iu
560 960 621 1012 loco
639 961 753 1012 alienum
766 976 866 1011 morem
881 957 1095 1027 imputaverunt,
1115 955 1200 1029 palati
1216 956 1250 1009 iu·

273 1060 340 1120 epto
361 1047 390 1100 iu
416 1045 540 1099 German.
561 1045 594 1098 2.
619 1044 653 1099 ds
678 1062 730 1116 quo
757 1043 819 1102 loon
846 1060 929 1112 nuper
956 1041 1086 1111 dissernt
1105 1041 1251 1114 ,schobsra

274 1151 356 1193 meus.
391 1129 495 1182 Curtius
519 1130 682 1200 frequentius
698 1128 788 1199 posuit
801 1137 899 1197 ,asten
914 1127 971 1194 ita,
999 1137 1031 1195 ut
1048 1125 1167 1202 quidem
1184 1136 1250 1179 autc·

278 1217 372 1280 cedat,
399 1215 577 1284 quoacuitup
602 1215 640 1268 ris
665 1232 733 1284 pena
758 1213 929 1279 adversativa

309 1300 480 1373 Gerulsatdus
496 1299 531 1352 sd
546 1301 601 1362 (lic.
617 1298 650 1353 ds
668 1298 720 1352 off.
730 1298 767 1362 ,1,
782 1295 816 1365 i,
833 1297 874 1356 17.
892 1307 1006 1364 „astam
1016 1297 1179 1362 ,arationem
1196 1312 1252 1346 cou-

216 1438 219 1445 ,
274 1381 1252 1454 ιὶυιιιῑ,ιιΙιὶ-εῳιιοηιιωοοιιιραιαιιᾶαοιιιηί,ςηιωοιᾱὶηοᾳιιοᾱιωοιιι-

274 1454 445 1528 marandaei‘
479 1467 1036 1538 Quaerepetitlieierusad1,4,11..addens
1054 1466 1254 1538 continuativam
1297 1470 1299 1521 l

276 1557 344 1611 hauc
359 1553 514 1626 particulam
530 1572 578 1622 pro
595 1571 696 1626 porro,
710 1564 855 1625 prosimu
869 1552 999 1624 usurpari.
1032 1552 1107 1611 Haec
1126 1551 1152 1602 si
1170 1551 1198 1602 iu
1213 1568 1255 1602 sx-

275 1642 419 1714 plicatione
445 1640 644 1706 substituimus,
669 1639 817 1709 particulata
848 1639 986 1707 tribuimus
1012 1637 1157 1691 notionem
1186 1635 1255 1689 uinis

212 1728 215 1733 '
274 1727 395 1798 plenam,
413 1741 497 1793 neque
515 1724 599 1793 ipsum
616 1724 736 1777 ordinem
760 1742 864 1789 rerum,
887 1722 940 1777 nisi
961 1722 1128 1792 praecedunt
1145 1721 1197 1773 aliu
1213 1738 1255 1772 vo-

277 1812 369 1865 cabula
387 1827 446 1863 cum
464 1809 654 1876 significantia,
678 1811 817 1881 primam,
842 1810 1001 1879 principio,
1026 1807 1079 1859 hac
1099 1823 1156 1859 una
1172 1806 1256 1857 rocula

277 1896 437 1963 descriptum
453 1893 612 1953 videbimus:
624 1912 659 1953 ¹eu
674 1897 744 1949 euim
763 1905 865 1951 tautum
880 1893 958 1959 rebus
977 1889 1176 1965 distinguendis
1188 1900 1220 1951 'et
1232 1889 1256 1940 iu

280 1980 400 2033 orations
423 1978 610 2047 componendis
633 1979 762 2046 inservit,
788 1989 817 2034 st
835 1979 880 2031 ubi
898 1977 993 2031 auimo
1018 1994 1068 2046 per
1086 1976 1181 2047 plures
1199 1991 1255 2028 aeu-

234 2130 235 2135 ,
277 2065 374 2118 tentiis
391 2063 586 2132 procedendum
603 2074 659 2128 est,
680 2065 713 2117 ad
729 2064 880 2134 proximam
898 2081 957 2115 etum
972 2048 1100 2115 traducit.

267 2167 327 2233 '5.
363 2166 609 2231 Historicorum
643 2167 802 2255 proprius
826 2185 904 2229 usus
934 2163 989 2228 hic
1013 2169 1102 2244 erat,
1130 2171 1171 2226 ut
1192 2183 1252 2227 on-

212 2249 489 2340 imponerent,
515 2249 571 2315 ulit
595 2273 631 2316 tn
653 2253 845 2317 narratione
859 2261 983 2317 aut-res
1007 2248 1117 2334 aliqua
1141 2247 1257 2313 descri-

212 2336 334 2411 benda,
359 2347 414 2399 aut
437 2356 550 2399 caussa
570 2356 610 2399 cx
634 2334 762 2400 licando
779 2345 875 2401 esset.
919 2334 1010 2399 Tum
1034 2354 1135 2420 saepe
1158 2333 1258 2398 confi·

212 2433 334 2486 nuatur
357 2421 464 2483 oratio
487 2439 548 2508 per
567 2357 649 2485 ssi.-
674 2421 774 2486 veluti
791 2423 883 2487 Cass.
899 2419 1028 2487 B.·ctv.
1042 2424 1083 2496 δ’,
1104 2423 1140 2483 9.
1162 2441 1206 2505 op
1228 2418 1256 2482 i-

213 2505 295 2570 dom
310 2525 512 2591 oppugnare
528 2504 689 2572 instituit.
732 2507 800 2573 Eat
824 2519 939 2572 cirtem
961 2504 1129 2592 oppidum
1149 2516 1183 2570 et
1198 2441 1258 2569 iio·

212 2601 390 2656 naturast
407 2589 491 2655 colle
516 2591 697 2656 munitum.
741 2591 811 2658 Seri
835 2591 989 2659 celeriter
1012 2591 1100 2656 ciros
1120 2588 1258 2654 romoni

211 2698 342 2741 --sese
357 2676 563 2741 munierunt.
605 2675 803 2778 Philosophi
818 2699 879 2764 per
897 2689 1013 2742 notem
1027 2675 1068 2742 ad
1088 2675 1189 2741 aliam
1204 2675 1258 2739 de·

211 2761 461 2827 monstrationis
477 2761 529 2826 vel
546 2763 767 2833 conclusionis
783 2773 920 2851 purtem
943 2771 1135 2836 transeunt,
1165 2782 1258 2849 quarn

212 2847 327 2936 paullo
344 2857 423 2933 post
444 2869 507 2934 per
526 2847 638 2917 sedet
655 2857 730 2915 cero
750 2849 953 2935 restringunt
976 2857 1032 2912 aut
1047 2844 1256 2911 confirmant.

198 2932 327 3012 'Quare
343 2933 441 2996 etiam
458 2932 544 3018 apud
561 2931 625 2997 hos
639 2933 721 2999 istae
735 2932 914 3022 particulae
938 2955 1036 3020 saepe
1059 2942 1257 3019 sequuntur:

196 3038 274 3082 -nec
290 3018 406 3082 desunt
425 3017 544 3100 critici,
568 3020 625 3105 qui
646 3032 761 3085 utitem
776 3043 836 3108 per
852 3020 987 3108 quidem
1004 3016 1187 3105 explicant.

319 3138 462 3207 Exempla,
490 3155 555 3208 quae
574 3140 708 3195 Ciceronis
725 3141 828 3210 quaeris
848 3138 945 3210 pagina
962 3138 1131 3209 suppeditat,
1162 3115 1259 3203 omitto,

280 3240 409 3292 unumque
430 3222 481 3274 hoc
498 3223 583 3279 addo:
611 3223 667 3276 cic.
692 3224 724 3279 de
750 3229 823 3276 Orat.
842 3225 874 3289 1,
893 3222 942 3291 16,
960 3223 1002 3277 70.
1022 3234 1065 3278 ost
1082 3227 1159 3278 enim
1172 3221 1259 3294 finiti·

281 3327 343 3361 ntus
359 3307 465 3361 oratori
481 3318 584 3377 poeta,
603 3299 723 3364 naonis
737 3310 898 3366 atistrictior
913 3308 1033 3380 paullo,
1048 3307 1199 3363 vorborum
1216 3329 1260 3362 ou·

254 3397 258 3407 '
283 3403 339 3446 tem
359 3393 471 3448 licentia
491 3391 620 3458 liberior,
649 3394 747 3451 stultis
773 3415 839 3452 vero
866 3393 986 3450 ornandi
1008 3393 1156 3468 generibus
1174 3394 1262 3451 socius

165 3528 169 3535 ,
222 3524 224 3529 ⁴
271 3459 315 3530 'ic
331 3497 402 3548 pene
420 3497 482 3549 par.

316 3582 436 3631 Lactaut.
451 3579 477 3643 8,
497 3580 538 3645 16,
558 3577 585 3632 4.
603 3577 706 3640 bonnm
723 3592 873 3646 astantem
891 3590 965 3635 ructa
978 3592 1007 3636 et
1021 3579 1140 3636 honesta
1157 3584 1262 3653 prasci·

255 3681 257 3684 ·
281 3683 366 3737 perc:
392 3664 442 3718 sed
458 3669 513 3722 nisi
538 3676 567 3720 st
582 3663 698 3736 facias,
729 3667 903 3724 mendacium
922 3677 974 3721 est.
1006 3659 1178 3720 Heumaunus
1198 3668 1262 3720 mala

281 3751 393 3803 mutarit
409 3748 511 3804 bonnm
527 3759 569 3804 est
586 3751 706 3822 quidem.
1014 3744 1018 3753 ¹

147 3921 151 3930 f
298 3857 329 3917 6.
362 3853 474 3918 Plures
490 3855 686 3929 sententias,
715 3854 796 3919 adeo
822 3873 862 3917 ue
887 3852 1008 3937 multas
1024 3873 1090 3918 uua
1104 3852 1192 3919 serie
1207 3874 1263 3941 per

212 3937 299 4004 hunc
315 3939 509 4025 particulam
526 3939 728 4017 continuari,
745 3949 778 4004 et
792 3877 928 4002 tiiteram
945 3961 987 4003 ex
1003 3938 1104 4004 altera
1122 3961 1184 4026 per
1197 3961 1263 4025 op·

213 4024 417 4109 positionem
438 4026 526 4088 neoti
549 4048 665 4112 posse,
687 4023 720 4089 id
748 4032 879 4098 constat
901 4024 1055 4110 exemplo
1081 4025 1263 4104 Ciceronis,

214 4109 271 4196 qui
295 4110 330 4176 in
354 4109 467 4174 multis
488 4110 572 4176 locis
595 4113 667 4200 ipse
689 4109 849 4189 ostendit,
874 4133 910 4176 se
937 4110 1124 4205 appossitati
1146 4109 1266 4177 cedere
