2618 4770
687 328 788 397 AVT.
1114 364 1133 401 ι

295 493 356 549 546.
376 490 477 557 ullas,
498 499 550 546 aut
566 487 655 554 luisse,
675 486 722 542 vel
739 487 839 552 istam,
858 502 928 557 quae
939 479 1021 556 facit
1041 494 1074 540 111
1091 483 1200 552 laedar,
1216 504 1254 541 aa

294 580 382 633 satida
396 576 484 650 perde
495 573 634 648 figarum.
1157 576 1160 581 ⁴

330 664 446 717 Martial.
469 661 502 724 S,
528 661 562 726 3,
580 658 605 714 3.
624 661 717 729 ipsam
743 654 821 711 erade
838 652 920 708 deam
936 651 1029 709 verbis
1049 651 1105 710 tibi
1122 654 1210 710 disere
1225 674 1272 710 ua·

297 752 383 803 stris:
410 757 461 800 aut
485 748 564 815 aperi
590 739 712 812 faciem,
736 741 784 796 vel
802 745 927 794 tunicata
951 739 1027 801 lava.
1061 740 1097 806 4,
1112 739 1166 806 77,
1183 741 1207 793 6.
1224 754 1256 796 ast

296 850 411 904 appone
435 831 538 900 dapes,
573 828 662 892 Vare,
687 826 733 882 uel
756 821 839 896 aufer
864 842 942 896 opes.
975 826 1056 878 Silius
1079 825 1133 892 16,
1156 826 1201 886 32.
1219 846 1257 883 aaa

299 938 365 984 ars,
383 928 434 972 aut
452 925 529 968 astus
547 911 618 967 belli
635 910 682 965 vel
698 910 811 967 dextera
830 908 934 964 deerat.

328 986 727 1062 Ι17111111111111.1,7,6.
753 1013 849 1066 aqua
872 1005 954 1065 parta
972 995 1020 1048 vel
1045 997 1171 1050 mxime
1195 995 1258 1051 111111

299 1100 349 1144 aut
368 1083 531 1139 nonianus
553 1079 727 1151 appellatur.
759 1080 901 1133 cohaerent
924 1079 972 1133 vel
992 1080 1125 1143 maxime.
1150 1082 1169 1133 i.
1187 1101 1209 1136 e.
1222 1083 1258 1137 iu·

296 1173 400 1243 primis.
436 1170 491 1223 Cic.
509 1168 543 1220 de
559 1169 623 1219 Nat.
640 1165 666 1216 d.
682 1164 716 1229 2,
736 1161 787 1230 84,
809 1164 852 1216 87.
876 1174 928 1219 aut
951 1182 1036 1236 quiam
1057 1164 1211 1234 solarium,
1228 1166 1260 1222 ael

252 1277 254 1283 ·
297 1256 482 1326 descriptum,
500 1263 550 1306 aut
566 1269 602 1307 er
618 1269 693 1322 aqua
708 1246 900 1319 contemplere.
935 1249 1106 1310 Heindorfius
1122 1270 1139 1304 ο
1157 1253 1259 1306 eadm-

297 1339 388 1409 stituit
413 1347 464 1409 aut
490 1336 667 1406 descriptum.
707 1334 835 1403 Equidem
861 1336 956 1390 vellem
978 1337 1128 1389 invenisset
1142 1338 1174 1388 in
1191 1336 1262 1391 audies

292 1422 345 1479 'vel
365 1449 402 1464 -
421 1420 487 1478 vele
514 1432 586 1478 certe
603 1420 699 1473 mutari
719 1436 773 1472 nun
794 1430 901 1490 poteret
916 1429 968 1472 aut
985 1431 1048 1474 aute
1067 1441 1162 1493 qaum.
1195 1424 1261 1486 Quir-

301 1509 356 1564 atil.
374 1508 409 1572 9,
428 1505 462 1573 2,
478 1507 520 1563 13.
543 1505 691 1562 verborum
709 1514 819 1577 quoque
838 1506 881 1559 uis
898 1525 931 1559 aa
947 1507 1111 1576 proprietas
1136 1507 1264 1577 confirma

298 1602 346 1647 lar
364 1591 412 1647 vel
430 1593 654 1663 praesumtiones
684 1590 911 1667 Quamquam
937 1582 1090 1645 illa'etc.
1116 1605 1170 1647 aut
1189 1613 1264 1663 ⁴repre·

298 1677 453 1733 hensionis
482 1679 608 1742 Cives,
632 1675 733 1730 cives
759 1686 810 1729 etc.
851 1678 1012 1746 interpretes
1037 1677 1134 1730 dicunt
1159 1697 1213 1732 essa
1226 1696 1264 1749 pm

298 1763 347 1818 uel
363 1791 398 1806 ·-
415 1762 461 1817 vel
479 1764 532 1814 sive
552 1772 603 1815 aut
620 1788 655 1803 ·-
671 1771 730 1816 aut.
762 1761 795 1812 Id
809 1760 894 1830 ipsum
908 1772 996 1833 tamen
1013 1763 1060 1815 hio
1077 1764 1168 1816 locum
1184 1765 1265 1817 habere

300 1865 356 1901 non
377 1858 474 1918 potest.
508 1848 560 1900 Sed
580 1846 628 1902 vel
648 1846 821 1912 dictumest,
838 1843 917 1916 ut5,
937 1844 1013 1911 6,1.
1034 1857 1068 1902 ut
1085 1847 1136 1903 val
1155 1849 1267 1906 adverse·

212 1958 215 1963 ·
300 1939 359 1988 rius
377 1937 450 1989 iuret
467 1952 562 2000 -pru
582 1935 675 1988 eliam.

313 2034 607 2105 Drakenborahius
623 2035 658 2102 iu
672 2034 741 2100 Liv.
756 2039 817 2116 22,
834 2036 895 2116 49,
917 2041 968 2100 11.
991 2035 1151 2102 emendat
1166 2049 1269 2103 11111111

232 2141 309 2188 reus
325 2122 449 2188 iterum
463 2144 481 2186 e
497 2121 691 2196 consulatu,
715 2120 784 2184 siue
810 2133 990 2185 ueerlsutor
1010 2122 1171 2209 collegae
1191 2125 1269 2188 exsi-

232 2219 336 2274 stam.
360 2208 532 2294 additque:
557 2204 738 2287 ,‚voeabulo
756 2216 818 2270 aut
833 2207 986 2294 subiungi
1032 2218 1122 2272 otest
1137 2208 1269 2274 111111-

233 2291 310 2357 dem
328 2295 475 2374 ratione,
506 2313 570 2379 qua
591 2313 649 2356 seu
664 2288 825 2357 vocabulo
842 2291 945 2356 siles
1018 2292 1271 2359 aliem-addidis-

234 2389 286 2442 set
318 2379 471 2466 exempla
497 2378 534 2440 iu
570 2375 759 2442 auctoribus
789 2399 907 2465 prosae
942 2378 1102 2443 orationis
1137 2390 1270 2468 reperta.

233 2463 391 2548 Virgilius
416 2461 550 2548 quidem
573 2463 655 2527 dixit
677 2463 757 2527 Aen.
783 2468 841 2536 12,
865 2464 939 2526 684.
962 2485 1005 2528 ue
1027 2464 1136 2528 veluti
1157 2465 1271 2530 montis

233 2568 356 2610 susum
379 2546 422 2613 de
446 2547 567 2612 verlice
582 2570 750 2634 praeceps
768 2563 868 2635 quum
883 2547 972 2628 ruit,
1003 2549 1160 2614 avolsum
1177 2562 1272 2634 veruo,
1304 2578 1307 2585 ⁴

233 2654 294 2696 seu
315 2631 469 2698 turbidus
492 2631 599 2698 imber
616 2633 767 2720 proluit,
789 2634 972 2717 (1111111111Ι
993 2634 1098 2698 soluit
1119 2634 1273 2724 sublapsa

235 2729 395 2783 vetustas.
438 2718 478 2783 Iu
498 2717 551 2782 his
566 2740 654 2783 nova
669 2717 707 2781 fit
723 2716 914 2800 disiunctio,
932 2729 963 2782 et
986 2731 1048 2784 aul
1064 2725 1216 2809 positum
1233 2732 1273 2786 est

233 2824 299 2892 pro
318 2817 379 2869 aut
393 2804 434 2869 ai.
476 2802 580 2868 Tacit.
597 2804 680 2867 Hist.
697 2804 734 2882 5,
757 2808 793 2870 7..
812 2827 895 2867 num
910 2816 1032 2869 curuata
1049 2819 1174 2892 sponte
1189 2808 1274 2873 editu

236 2900 299 2954 aut
318 2911 425 2954 mauu
440 2901 537 2970 satu,
561 2889 630 2953 sive
647 2887 770 2954 lierbue
792 2899 906 2954 tenues
926 2889 1125 2978 uutflores,
1149 2894 1273 2958 111οᾶ-

235 2985 311 3041 tum
327 2976 364 3039 in
378 2975 524 3061 speciem
540 2973 734 3055 adolevere,
757 2986 838 3040 utra
863 2986 896 3040 et
914 2975 1038 3040 inania
1056 2977 1149 3042 velut
1172 2980 1209 3043 in
1228 2979 1273 3043 ei-

235 3082 351 3125 nerem
369 3072 561 3125 euriescuut.
584 3068 783 3146 quamquam
799 3060 895 3124 dubia
913 3071 962 3124 est
978 3060 1094 3144 lautia,
1116 3066 1271 3130 tamenin

235 3145 343 3231 verbis
359 3145 425 3209 sire
442 3147 475 3209 11.
492 3157 516 3210 1.
534 3157 594 3210 eut
603 3142 638 3234 f.
662 3145 723 3209 alia
742 3143 889 3208 adiicitur
911 3146 1092 3228 sententia,
1116 3170 1202 3236 quae
1224 3171 1275 3238 per

235 3253 272 3296 se
300 3241 450 3311 constat,
490 3241 522 3294 et
554 3229 691 3295 nomina
716 3228 892 3293 herbarum
918 3241 952 3296 11
978 3229 1101 3296 florum
1127 3257 1192 3322 per
1222 3245 1275 3299 aut

157 3349 161 3359 ¹
236 3316 392 3403 opposita
427 3315 536 3380 hebet.
600 3315 711 3394 Quare
742 3314 939 3379 'Dronkium
974 3319 1121 3382 cautiore
1160 3320 1274 3384 iudicio

235 3402 285 3463 uti
306 3402 454 3488 oportuit
478 3401 518 3464 ad
543 3398 672 3487 Dialog.
689 3401 721 3465 5.
743 3422 778 3487 p.
796 3405 848 3465 78.
890 3403 1000 3465 Etiam
1021 3403 1276 3494 Oudendorpius

236 3486 273 3550 in
288 3487 380 3550 Caes.
395 3486 519 3550 B.Civ.
535 3492 565 3558 3,
584 3488 637 3566 25,
654 3489 684 3550 4.
705 3486 826 3550 malam
842 3484 921 3551 feeit
936 3489 1184 3555 coniecturam:
1206 3513 1275 3555 111111

236 3571 299 3634 alia
323 3581 372 3635 est
392 3570 476 3635 ratio
500 3569 679 3636 verborum
696 3571 764 3635 siae
780 3608 824 3621 -
839 3571 899 3636 νεῖ.
936 3572 1087 3659 Propert.
1103 3581 1145 3652 3,
1170 3583 1230 3658 21,
1248 3580 1275 3641 7.

238 3657 293 3722 vix
308 3667 423 3720 tumen
441 3666 502 3720 aut
516 3655 620 3719 semel
634 3655 801 3732 admittit,
819 3679 918 3743 quum
935 3679 1038 3743 saepe
1054 3663 1213 3746 negavit,
1228 3681 1277 3726 seu

238 3741 328 3807 venit
345 3751 492 3805 extremo
514 3741 641 3819 dormit
666 3742 797 3806 amictu
818 3754 903 3806 toro.
926 3762 1009 3829 quae
1024 3745 1124 3810 verba
1144 3768 1276 3834 nupera

237 3825 395 3892 Paldamo
417 3826 453 3889 in
472 3826 695 3912 suspicionem
710 3837 931 3892 vocatasunta
953 3838 987 3891 at
1006 3827 1206 3917 elegantiam
1225 3832 1278 3896 hu-

238 3911 320 3976 bent
335 3910 578 3975 admirabilem:
603 3933 682 3974 nam
693 3923 798 3998 poeta
813 3923 934 3994 narrat,
943 3935 978 3977 se
993 3913 1278 3982 vehementissimo

238 4018 354 4062 amora
374 3997 506 4071 vexari,
530 4005 563 4058 et
587 3994 689 4084 quum
713 4000 783 4083 ipsa
808 4006 917 4060 tamen
961 3998 1047 4064 uella
1063 4022 1137 4066 uon
1162 4002 1279 4092 aequali

237 4081 372 4148 fervore
394 4080 613 4165 respondeat,
646 4081 708 4145 sibi
729 4101 831 4165 unum
855 4021 1022 4149 *auridum
1052 4089 1279 4173 superessem

238 4167 367 4234 itinere.
408 4163 494 4249 Illud
510 4188 568 4232 seu
582 4177 737 4256 posteri
750 4167 898 4255 positum
912 4178 962 4236 est
976 4192 1039 4260 pro
1056 4182 1121 4239 aut
1136 4174 1183 4239 ai.
