2618 4770
607 312 709 380 avr.
1110 318 1174 404 sss

197 477 222 529 u·
237 481 287 527 eut
304 474 335 528 in
352 470 477 537 sensibus
493 469 582 542 ipsius
600 477 643 523 cst
665 466 764 540 aliqua
779 463 859 538 ferte
875 472 1004 541 grauitas
1019 482 1070 525 aet
1089 472 1175 528 tardi·

199 558 269 624 das,
287 568 337 612 aut
354 554 514 611 obscuriora
531 563 612 616 sunt,
631 571 701 624 quac
717 551 864 619 videntur,
880 563 932 606 eut
948 577 967 608 a
981 557 1174 628 perspiciendo

198 642 333 712 temporis
358 639 495 696 brevitate
521 636 686 697 excluditur.
725 638 866 691 Lambinus
886 641 1000 695 coniecit
1017 646 1110 713 antei
1128 641 1177 699 cb·

196 730 319 783 scorium
338 736 414 780 sunt.
458 757 465 771 ·

213 831 245 895 4.
276 825 618 919 Qun-particulae
641 846 711 897 esse
733 827 851 895 volunt
911 832 1096 909 ammatiei,
1117 831 1176 900 ubi
1288 856 1291 861 ·

128 912 230 980 verba
244 914 311 980 sive
325 904 521 992 senii‘ntiae,
538 932 622 1005 quae
638 910 817 990 alternant,
838 937 883 978 nu
898 915 931 980 lo
946 918 1108 982 vocabulo
1124 919 1178 1001 in-

129 1001 291 1089 terposito
323 999 586 1083 coniunguntur,
623 996 725 1068 veluti
751 1021 809 1063 rex
839 1014 966 1096 septem
995 1001 1175 1069 mensibus.

128 1084 195 1153 vid.
217 1086 327 1153 Vossii
352 1084 394 1147 de
417 1085 550 1154 Constr.
574 1103 610 1168 p.
633 1083 708 1156 605.
751 1085 859 1171 Atque
884 1089 1037 1167 nonnulii
1058 1092 1093 1161 in
1113 1089 1177 1154 hae

129 1168 236 1258 ellipsi
259 1172 307 1236 ele
331 1169 453 1232 entiam
486 1175 696 1252 quaerentes,
731 1172 926 1316 particulam
949 1186 1030 1256 ant,
1056 1176 1084 1242 si
1104 1174 1178 1240 fieri

156 1257 262 1336 otuit,
292 1194 490 1323 diiecerunt.
540 1253 709 1316 Pertinent
757 1276 812 1318 aee
838 1258 879 1322 ad
899 1258 1178 1349 breviloquentiae

127 1278 289 1406 iormam.
324 1338 373 1403 Ea
387 1359 458 1401 non
474 1335 647 1414 adhibetur
661 1338 696 1402 in
715 1341 863 1427 negativa
877 1347 1053 1410 sententie:
1075 1366 1178 1434 quare

133 1427 252 1491 Cicero
274 1426 373 1489 etium
389 1423 473 1488 dixit
489 1421 577 1486 Lael.
595 1426 626 1498 4,
638 1425 688 1488 15.
714 1425 776 1488 uix
792 1426 865 1489 tric
881 1438 942 1491 cut
958 1443 1102 1515 quatuor
1116 1455 1180 1501 nc-

129 1514 311 1576 nu'nantur
318 1509 429 1597 peric
446 1507 646 1573 amicorum.
683 1509 801 1574 Poetae
815 1511 851 1575 in
868 1511 938 1574 aliis
956 1535 1087 1601 quoque
1101 1517 1179 1582 for-

128 1598 195 1663 mis
217 1598 374 1661 omittunt
389 1593 615 1682 ‘particulamz
650 1593 740 1659 velut
764 1596 880 1660 Horat.
908 1597 974 1662 Sat.
1001 1605 1039 1680 1,
1063 1606 1103 1676 e,
1125 1603 1178 1670 et.

130 1664 350 1783 quodcenole
362 1679 482 1757 hebet,
506 1677 672 1755 ostendit,
702 1704 781 1758 nce,
806 1681 838 1745 ci
860 1682 943 1769 quid
962 1683 1096 1749 honesti
1116 1697 1176 1761 est,

103 1802 104 1807 κ
129 1780 242 1834 nectat
263 1766 427 1854 {mboque
443 1763 587 1852 pulcre,
616 1767 752 1852 quaerit
775 1788 839 1855 quo
862 1767 980 1854 turpia
997 1769 1092 1836 celet.
1113 1793 1176 1860 pro

130 1867 194 1920 ant
208 1855 353 1941 quaerit.
1160 1860 1162 1865 '

215 1941 247 2005 5.
279 1935 438 2003 Particule
453 1948 515 2001 cut
532 1958 731 2036 quamquem
748 1959 806 2002 sua
828 1950 946 2004 nature
964 1939 1108 2026 primam
1124 1961 1178 2005 se·

132 2023 261 2090 demin
274 2024 454 2090 verborum
472 2021 589 2087 ordrne
610 2023 774 2110 postulat,
803 2036 921 2110 poetae
944 2036 1056 2090 tamen
1080 2046 1179 2114 saepe

131 2132 205 2178 eem
222 2120 302 2199 post
316 2117 463 2211 primum
477 2107 529 2177 vel
544 2108 723 2178 secundum
743 2131 867 2175 nomen
881 2122 1025 2198 ponunt.
1139 2148 1143 2155 ·

536 2179 875 2211 aameMVWM

244 2230 341 2282 Tibuil.
361 2229 394 2296 1,
414 2226 506 2294 3.,18.
528 2228 641 2282 Saturni
661 2240 712 2282 aut
728 2247 835 2284 sacram
852 2249 895 2287 nte
913 2232 1034 2286 tenuisse
1051 2228 1132 2284 diem·
1150 2229 1179 2296 2,

202 2311 236 2382 δ,
255 2314 314 2368 112.
340 2314 438 2367 Lucan.
459 2312 496 2376 2,
514 2311 575 2367 362.
591 2314 635 2365 nbi
656 2315 709 2367 rid.
729 2315 841 2369 Bentlei.
875 2314 883 2326 '
1056 2308 1058 2313 ¹

234 2416 291 2471 niv.
315 2413 367 2483 24,
390 2415 441 2483 47,
462 2412 488 2466 6.
510 2433 593 2485 quem
617 2414 653 2469 ob
678 2436 781 2472 noxam
806 2419 1014 2485 Romanorum,
1033 2404 1181 2491 quotient

202 2503 331 2558 nuritum
352 2503 505 2556 Poenorum
521 2517 575 2573 pro
593 2499 758 2574 alienigenis
776 2524 810 2557 ac
827 2503 951 2559 barbaris
970 2502 1066 2559 Italici
1082 2504 1179 2560 adeer-

203 2605 252 2642 sur
267 2591 359 2642 socios
383 2604 515 2640 romanos
540 2583 643 2640 beilum
668 2588 815 2658 gererent?
842 2590 879 2641 ita
901 2590 1049 2642 Gronovius
1069 2608 1084 2642 e
1102 2578 1180 2642 codd.

203 2672 322 2725 testituit
339 2689 389 2741 pro
407 2670 482 2744 quod
497 2667 532 2723 ob
549 2672 683 2724 meritum.
716 2674 838 2724 Dukerus
858 2674 975 2725 correxit
990 2673 1180 2746 cratone-quod

203 2757 387 2810 multominus
410 2756 517 2826 probari
533 2765 629 2825 potest.
662 2757 729 2808 Mihi
749 2757 855 2826 quidem
878 2757 945 2808 iilud
962 2765 1011 2808 aut
1031 2775 1046 2807 a
1062 2756 1179 2810 librariis

205 2841 337 2895 adiectum
355 2842 475 2906 videtur,
494 2858 572 2910 quum
596 2851 695 2898 temere
722 2842 752 2894 in
775 2842 861 2897 soluta
882 2841 1003 2893 oratione
1026 2841 1182 2898 haesissent·

204 2928 317 2996 Scripsit
341 2927 421 2996 igitur
444 2926 547 2981 Livius:
575 2945 657 2999 quent
677 2925 714 2980 ob
739 2944 842 2983 noxam
869 2925 1077 2989 Romanorum,
1105 2926 1182 2998 quod

201 3014 331 3066 meritum
360 3012 524 3071 Poenorum.
566 3015 634 3069 Nam
661 3013 690 3069 iu
715 3011 896 3070 huiuscemodi
924 3009 1039 3064 dictione
1063 3029 1079 3066 a
1103 3011 1180 3066 Livio

203 3097 335 3149 omittitur
349 3099 511 3168 praepositio
529 3099 624 3155 iterum
640 3096 775 3168 ponende:
796 3096 866 3168 quod
882 3096 971 3152 multis
992 3097 1116 3168 exemplis
1130 3096 1180 3150 de-

201 3193 480 3253 monstrare'posenm.

217 3283 275 3349 lv.
306 3286 427 3362 Restat,
449 3297 486 3350 ut
501 3285 543 3350 de
556 3284 718 3373 particula
738 3297 800 3351 cut
821 3304 897 3349 eum
916 3282 987 3349 aliis
1012 3280 1181 3365 vocabulis

134 3368 312 3436 coniuncta
330 3370 487 3436 dicamus.
828 3378 939 3397 “”’“““”’””
996 3370 1221 3403 ””“““““““”””

127 3453 425 3542 ““’“””1·.·’·1’1τα(]υο
446 3455 569 3535 forme,
592 3464 624 3520 et
648 3455 812 3542 duplicata
826 3466 859 3521 et
878 3455 1029 3554 simplus,
1043 3457 1181 3521 assumit

135 3540 179 3605 ed
196 3562 329 3605 sensum
344 3543 447 3629 magis
464 3539 697 3605 declarandum
711 3541 885 3629 particulas
904 3553 1010 3606 etcum
1026 3552 1059 3606 et
1081 3554 1181 3625 certe,

138 3626 322 3713 diciturque
337 3639 398 3692 cut
414 3626 540 3707 etium,
560 3636 621 3688 eut
638 3639 746 3707 certe,
769 3648 912 3714 quorum
928 3647 1059 3708 seusus,
1078 3637 1117 3691 ut
1129 3630 1190 3694 vi&

139 3711 267 3790 dimus,
282 3735 379 3798 saepe
393 3734 456 3799 per
471 3732 577 3775 unum
591 3722 651 3775 cut
670 3713 875 3802 exprimitur.
901 3711 1071 3776 Lucretius
1085 3734 1182 3778 usur-

139 3807 200 3884 pat
222 3808 283 3862 cut
307 3797 413 3863 etiem
442 3797 478 3861 in
510 3797 650 3861 transitu
677 3799 718 3864 ad
744 3798 841 3861 ulium
866 3798 1183 3884 argumentationem

138 3882 403 3948 antecedentibus
436 3881 636 3970 oppositum.
694 3882 825 3951 Plautus
859 3879 943 3946 dixit
968 3894 1029 3947 aar
1053 3919 1096 3935 -
1121 3895 1183 3949 cut

139 3966 252 4035 modo.
298 3968 398 4049 Quod
413 3967 574 4033 Badenius
594 3977 627 4030 et
642 3966 877 4033 Olsheusenius
897 3966 933 4030 in
949 3969 1017 4034 Cic.
1032 3968 1072 4034 de
1089 3968 1182 4035 Orat.

139 4057 160 4118 3
159 4101 181 4204 ἦ
215 4056 273 4134 18,
309 4057 364 4120 te.
395 4051 512 4120 inferri
544 4052 720 4122 voluerunt
752 4064 814 4120 cut
843 4064 978 4138 temen,
1027 4053 1184 4124 abhorret

139 4161 159 4205 e
206 4159 276 4206 usu-

1070 4309 1085 4338 Χ
