2618 4770
322 274 329 298 l
441 317 620 421 srovt.'
654 338 721 405 Ao.
1048 333 1125 412 aar.

126 497 253 565 quaestio
279 497 450 558 constituta,
481 503 508 547 st
528 498 558 549 iu
575 494 627 550 dac
650 500 813 552 narratione
837 496 909 552 niliil
935 497 969 553 do
996 504 1109 556 crimino

90 626 93 631 .
124 581 267 646 exposuit.
307 579 390 630 Addit
421 579 614 641 Quinctilienus
629 582 694 634 haec
713 584 883 634 confirmandi
904 600 1009 650 caussa,
1033 587 1109 655 quasi

124 665 259 715 dicturus:
285 676 313 717 et
332 685 361 717 re
386 665 563 716 reraCicero
581 669 696 732 negavit.
731 668 764 732 4,
784 668 816 736 2,
838 669 879 719 80.
899 668 1022 741 Ιάθηίᾳιιθ
1045 691 1107 723 nar·

126 751 245 802 randum
265 760 307 803 est
324 752 428 821 utique,
452 749 582 820 quicquid
596 751 699 815 aliter,
726 772 810 822 quam
830 754 1006 807 aduersarius
1022 764 1107 826 o'xpo·

127 841 201 898 suit,
219 839 336 889 ,narrari
352 845 456 906 potest.
480 863 511 873 -
529 835 623 906 Atque
640 848 766 900 coustat,
783 856 918 909 nusquam
939 857 1032 892 eorum
1049 834 1109 895 esse

125 922 258 973 maiorem
278 939 372 983 usuuz,
393 919 543 990 quamubi
566 925 678 974 animus
703 922 804 976 iudicis
828 923 864 974 ab
889 923 987 995 aliqua
1011 935 1108 979 contra

128 1025 179 1060 uos
197 1008 283 1060 insita
302 1008 436 1076 opinione
456 1003 614 1074 flectendus
644 1018 694 1059 est.
731 1010 824 1059 Sensus
844 1019 899 1060 est:
926 1021 957 1060 ut
976 1029 1009 1061 ex
1025 1029 1108 1080 prae·

126 1104 202 1162 cepto
229 1091 259 1142 id
283 1091 468 1154 constituitur,
493 1091 531 1141 ita
556 1109 589 1141 ex
607 1109 655 1142 usu
675 1093 754 1142 etiam
772 1104 881 1145 constat.
916 1093 951 1159 6,
969 1096 1004 1159 2,
1020 1096 1046 1146 4.
1064 1109 1126 1149 ot·v
1207 1101 1212 1105 ’

126 1198 178 1251 que
196 1176 326 1238 horest,
347 1174 422 1247 qaod
440 1175 601 1229 dominatur
623 1179 653 1230 iu
679 1177 799 1231 iudiciis.
833 1183 864 1229 In
882 1180 923 1232 his
942 1182 1009 1234 locis
1028 1183 1105 1234 criti-

126 1284 171 1317 cus
188 1264 233 1314 ille
252 1263 357 1330 scripsit
375 1263 464 1333 atqui.

141 1368 192 1430 14.
221 1364 395 1452 Propriam
411 1362 523 1425 sedem
549 1373 688 1447 occupat
713 1381 833 1442 Arous
857 1366 893 1430 in
917 1367 1016 1431 votis:
1038 1386 1105 1434 ar-

58 1471 129 1531 QVE
145 1471 294 1517 uuluam.
339 1449 440 1528 Quod
464 1447 630 1535 duplicem
649 1447 748 1511 habet
762 1436 1048 1516 mmmm
1074 1465 1106 1518 θῖ

55 1533 288 1626 Ρθῖξῖῖῖεῆῖῑδ
308 1536 348 1599 ad
368 1557 441 1600 rem
465 1533 644 1618 aequaliter
666 1536 896 1630 spectandam,
920 1548 951 1601 et
974 1538 1105 1602 additur

55 1625 217 1688 sententia
240 1622 394 1709 gravior,
423 1629 460 1682 ut
482 1641 595 1682 sensus
620 1630 755 1683 exsistat
778 1623 851 1686 hic:
877 1633 909 1687 θῖ
936 1623 1027 1709 quod
1043 1622 1104 1687 hae
1150 1656 1153 1661 ¹

54 1711 185 1776 ratione
203 1709 307 1794 magis
328 1704 605 1771 considerandum
621 1714 680 1769 est.

161 1829 215 1881 Cic.
237 1832 310 1880 Orat.
330 1825 364 1891 7,
383 1822 425 1879 22.
451 1825 578 1879 videmus
598 1828 670 1880 euim
680 1822 775 1897 saissa
793 1827 937 1900 quosdam,
958 1828 1005 1899 qui
1022 1826 1106 1880 iidem

125 1923 222 1966 oruata
252 1931 287 1965 ao
314 1917 455 1980 graviter,
490 1912 575 1967 iidem
604 1925 714 1968 versute
747 1925 775 1967 et
807 1912 948 1967 subtiliter
973 1913 1104 1966 dicerene.

124 1999 216 2069 Atque
235 1998 343 2051 uanam
363 2000 392 2051 iu
409 1999 526 2052 Latinis
549 1999 616 2052 talis
642 2000 762 2051 oratoris
786 1999 973 2052 simulacrum·
985 2001 1105 2068 reperire
1221 2036 1225 2044 .

122 2087 275 2154 possemus.
310 2086 350 2136 Do
373 2085 474 2153 Repub.
502 2083 535 2147 33
566 2083 591 2134 5.
619 2103 645 2152 p.
672 2082 734 2136 348.
755 2086 822 2134 Mos.
848 2085 905 2136 Liv⁴
924 2085 975 2148 21,
992 2083 1044 2147 tt,
1063 2082 1104 2157 1¹8.
1181 2069 1184 2075 .

122 2186 175 2239 pro
193 2166 237 2222 lu's
258 2170 426 2238 impartitis,
446 2163 593 2238 furiosum
617 2172 744 2222 iuuenem
770 2181 929 2240 sequentes,
957 2186 1105 2238 oppugua-
1260 2235 1262 2243 ‚

124 2262 183 2303 tum
205 2256 331 2322 patriam
354 2264 479 2306 nostram
505 2256 629 2306 veniunt.
674 2255 766 2324 Atque
796 2244 902 2306 utinam
928 2270 981 2323 pro
1008 2252 1105 2305 decora
1198 2298 1204 2319 ,
1257 2252 1259 2257 '

126 2349 233 2390 tantum
256 2337 309 2392 hoc
332 2336 420 2391 uobis
441 2346 469 2389 et
494 2354 551 2388 non
578 2355 630 2407 pro
655 2338 747 2390 salute
765 2349 836 2391 esset
856 2351 1000 2390 certamen.
1036 2340 1103 2389 Pro·
1192 2374 1195 2379 .
1243 2348 1245 2352 ·

122 2435 191 2494 pert.
208 2425 242 2490 a,
261 2425 296 2488 a,
311 2421 354 2474 47.
369 2421 405 2483 a,
426 2420 475 2487 1a,
494 2420 538 2474 42.
560 2421 595 2490 a,
616 2420 666 2487 15,
682 2421 725 2476 as.
743 2423 776 2489 a,
797 2423 845 2488 16,
866 2423 907 2476 19.

35 2590 37 2594 .
104 2522 106 2527 ’
141 2529 193 2592 15.
228 2525 440 2592 Pervenimus
463 2525 507 2588 ad
530 2546 605 2589 curn
629 2526 848 2614 multiplieem
882 2549 999 2607 usum,
1035 2545 1102 2612 quo

53 2606 437 2703 Pel'anlilQAEtfcl
454 2611 825 2703 d00uerunt„ts³,t1sitt1m
849 2611 1002 2700 fieritper
1025 2632 1104 2698 par·
1132 2648 1134 2653 .

55 2688 195 2762 sicinini
207 2712 340 2776 ATQVE.
381 2637 615 2782 ὂῖὄῖᾆιὶῗῶ
623 2690 912 2762 uniueis‘i'iii'rem
930 2697 1020 2761 nulla
1034 2696 1103 2760 dis-

54 2785 216 2849 tinetione
238 2784 383 2848 adhibita
406 2783 687 2868 comprehendat,
718 2785 849 2846 criticos
875 2786 910 2847 in
928 2781 1121 2861 tractandis

54 2870 191 2959 singulis
205 2870 287 2934 loeis
302 2868 492 2956 saepissime
508 2867 637 2950 fefellit,
652 2889 758 2954 neque
774 2868 881 2933 adhuc
898 2870 1003 2933 ullum
1018 2889 1104 2932 con·
1121 2864 1125 2886 ²
1149 2900 1151 2907 v
1169 2948 1173 2955 Ι

55 2955 298 3040 iungendarum
329 2954 566 3019 sententiarum
593 2977 693 3041 genus
715 2965 884 3042 repertum
915 2966 978 3030 est,
1013 2952 1104 3040 quod
1131 3028 1133 3033 Ι

29 3037 127 3117 uon
152 3062 192 3105 ex
214 3041 349 3105 illorum
372 3038 554 3138 pra'eoeptis
577 3063 639 3126 per
665 3039 748 3103 hane
772 3041 965 3128 particulam
988 3037 1104 3104 confici

56 3137 181 3216 posset.
222 3126 384 3193 Nonnulli
402 3126 443 3190 de
459 3137 546 3190 certa
567 3127 726 3190 sententia
742 3127 949 3211 desperantes
965 3126 1029 3189 lroe
1043 3146 1104 3188 vo-

58 3213 212 3276 cabulum
230 3235 293 3299 pro
318 3214 512 3299 elegantiae,
536 3212 647 3275 neseio
675 3213 783 3287 euius,
801 3213 999 3293 adminiculo
1017 3211 1103 3274 aeci-

56 3297 203 3386 piebant.
247 3300 376 3362 Arum
407 3309 455 3362 est
486 3298 552 3361 eius
579 3299 662 3361 ratio
688 3301 722 3360 iu
745 3300 900 3362 omnibus
922 3296 1121 3382 exemplis,¹

57 3406 141 3470 quae
163 3393 299 3471 propter
319 3384 444 3447 variam
474 3383 632 3448 orationis
653 3380 800 3449 formam
829 3386 1008 3448 accurratius
1033 3381 1103 3444 dis-

55 3471 256 3558 tinguamus.
299 3469 363 3533 Sed
385 3491 427 3532 ne
451 3471 484 3532 iu
503 3469 559 3532 'his
583 3490 695 3533 rursus
719 3467 800 3534 falsa
823 3471 970 3534 doctrina
993 3468 1103 3554 impe-

58 3556 208 3647 diamur,
230 3554 378 3642 primum
395 3554 573 3618 dicendum
591 3566 639 3617 est
655 3555 695 3617 de
711 3554 908 3620 adversativa
927 3553 1103 3644 particulae
1282 3605 1288 3611 .

58 3643 108 3721 vi,
143 3662 243 3726 quam
259 3641 281 3704 ii
297 3641 462 3728 imprimis
486 3641 629 3726 amplexi
651 3651 745 3715 suut,
778 3643 891 3726 quiin
915 3652 1015 3726 atque
1039 3638 1102 3703 adss
1160 3641 1267 3729 ἕω...

56 3728 255 3794 versativum
271 3738 308 3790 ut
326 3729 389 3792 ium
405 3749 597 3814 expressum
615 3727 776 3791 viderunt.
1148 3747 1178 3820 p,
1198 3742 1300 3819 βψ..

92 3858 117 3896 ,·
142 3826 240 3892 Multi
259 3827 346 3895 enim
367 3839 477 3904 eraut,
503 3830 559 3915 qui
575 3830 817 3906 existimarent,
840 3845 961 3904 ATQVE
979 3825 1103 3913 signifi-

58 3934 133 3977 care
172 3911 250 3992 sed,
288 3923 422 3995 tomen,
460 3927 584 3979 aretem.
636 3916 689 3978 Ex
714 3915 753 3976 iis
777 3913 961 3976 nominato¹
982 3912 1103 3976 suflicit

58 3995 433 4063 Gra'eiiirffi‘iid'ffl'ot‘e
456 4002 511 4064 ist.
533 4001 573 4064 ud
597 4001 693 4064 Attio.
718 4004 754 4075 6,
782 4005 810 4061 1.
837 3998 943 4062 virum
968 4000 1103 4062 doctum
1152 4048 1174 4079 ·.

57 4084 93 4148 in
113 4082 250 4147 Miscell.
269 4083 405 4148 Observ.
429 4020 471 4148 'l'.
488 4087 544 4150 lV.
561 4110 595 4172 p.
616 4090 685 4148 116.
709 4084 829 4146 Heusin
856 4107 948 4148 erum
973 4084 1012 4148 ad
1037 4086 1104 4148 Cio.

58 4167 159 4234 offic.
174 4175 213 4251 3,
235 4166 300 4234 25(
311 4170 462 4234 Cortium
477 4172 517 4236 ad
530 4171 669 4235 Sallust.
688 4167 757 4257 lug.
774 4171 806 4234 4.
829 4107 1045 4261 dudendmp.
1063 4171 1104 4236 ad
