2618 4770
120 287 187 352 826
619 282 690 355 AN·

124 444 240 504 utrum
255 438 373 506 Cicero
387 437 507 525 aliique
520 435 700 525 se'riptores
718 457 880 538 umquam
894 437 941 502 itu
953 437 1079 525 loquuti
1089 443 1143 519 sint,

126 547 169 590 an
194 548 212 590 a
236 525 473 591 consuetudine
499 544 575 604 sua,
613 545 678 608 qua
700 546 813 588 neseio
841 546 891 591 un
913 525 949 588 in
971 524 1145 595 modestae

124 611 297 677 moderatu
312 608 534 675 affirmatione
574 631 675 674 onore
690 608 852 686 solebant,
871 628 1035 697 umquem
1049 610 1147 677 disen-
1191 624 1194 630 '

123 696 239 761 serint.
268 694 459 761 Giintherns
474 695 515 759 ad
560 694 802 760 ornel.'l'imol.
819 700 849 760 1.
865 692 1149 784 propinassent·

125 780 168 847 ad
188 782 359 846 veritatem
372 780 452 845 haee
472 781 620 867 scripsit:
643 790 848 869 „utrumque
872 791 965 847 reete
982 779 1097 847 dieitur
1107 802 1149 847 suu
1183 823 1193 837 ·

126 866 275 955 quidque
289 867 383 930 loeo:
407 888 511 953 quum
531 867 620 932 euim
637 888 733 931 voees
749 865 827 933 illae
846 865 944 933 leand
965 865 1039 933 scio
1061 867 1152 937 uuir
1182 860 1185 869 ’

125 952 404 1039 interponuntur,
444 962 481 1015 ut
503 950 642 1019 verbum
666 973 736 1017 non
764 951 905 1019 addatur
935 951 1057 1017 saltem
1075 951 1152 1017 abir

125 1038 285 1125 pendens,
299 1058 366 1129 pro
383 1059 452 1103 uno
467 1035 631 1105 vocabulo
638 1033 796 1135 fortasse
809 1047 1019 1125 usuupantur
1033 1046 1067 1103 et
1078 1060 1154 1127 nega

124 1123 271 1202 tionem,
305 1122 471 1209 siquidem
492 1132 764 1199 necessariaiam,
796 1122 871 1189 addi
892 1132 1053 1212 oportets
1075 1144 1154 1210 quun
1191 1142 1194 1147 ’

125 1229 206 1272 vero
222 1209 268 1274 ita
282 1218 469 1297 ponuntur,
483 1218 522 1272 ut
536 1209 701 1275 adiectum
709 1208 752 1272 sit
759 1207 901 1274 verbum
915 1208 956 1273 ab
971 1208 1156 1297 iiapeudeua,

126 1314 227 1357 sensu
251 1294 416 1392 primario
440 1294 595 1381 usurpari
626 1293 772 1359 solent.“
828 1293 921 1361 luter
951 1316 1074 1359 omues
1099 1290 1156 1371 tite
1186 1294 1194 1323 ’·

127 1379 317 1445 aeufissnne
330 1403 403 1447 rem
418 1402 495 1469 pers
521 1380 591 1445 exit
606 1380 817 1459 Oehsnerus‚
840 1400 941 1467 quem
955 1379 1070 1445 miror
1083 1402 1102 1445 a
1116 1388 1157 1445 us·

125 1463 237 1545 mine,
256 1475 294 1531 ut
309 1488 373 1552 par
387 1475 474 1546 orat,
493 1403 640 1533 iiudnis
669 1465 725 1530 ille
740 1475 846 1545 certe,
876 1464 958 1551 quid
982 1465 1020 1529 in
1044 1464 1158 1553 quihu-

126 1548 206 1613 dum
222 1551 424 1638 quaestionis
442 1551 541 1617 huius
560 1550 711 1639 partibus
727 1550 912 1639 plurimum
930 1549 1075 1631 valeret,
1094 1570 1157 1615 nau

123 1644 216 1699 reete
229 1637 422 1726 pensitavit,
445 1648 478 1702 et
493 1638 601 1719 viam,
630 1658 696 1737 qua
711 1636 931 1707 incedendum
953 1646 1048 1719 erat,
1077 1634 1171 1725 megi.

126 1742 228 1813 quam
245 1724 345 1788 ceteri
358 1744 475 1789 omnes
490 1722 676 1789 declarant.
759 1788 762 1797 1
1032 1770 1037 1777 .

213 1808 372 1875 Vniversa
387 1832 442 1875 res
458 1831 500 1873 ex
516 1831 590 1874 mea
605 1807 739 1895 quidem
756 1804 917 1872 sententia
928 1805 981 1871 his
995 1805 1160 1893 praeseptis

129 1890 390 1960 demonstratur.
432 1894 583 1960 Primum
598 1893 759 1971 voeabula
774 1890 963 1979 quisquam,
980 1892 1084 1971 ulluq
1102 1913 1159 1955 une

126 2000 232 2066 qnam
251 1989 432 2059 nunaunt,
458 1989 496 2042 ut
511 1979 609 2067 vulgo
627 1978 791 2057 ereditur,
822 1977 992 2064 negativa,
1023 1977 1081 2042 sed
1106 1975 1160 2063 plo

126 2084 207 2130 nam
219 2064 255 2129 iu
270 2087 305 2130 so
319 2064 443 2130 habeut
460 2063 613 2130 definitae
634 2065 682 2129 rei
706 2060 963 2129 affirmationem
982 2063 1077 2150 (uam
1088 2061 1160 2125 ulto

126 2158 178 2211 est
193 2150 329 2231 ursulus,
347 2171 446 2229 unus,
469 2160 501 2214 et
515 2149 693 2247 quisquam
707 2146 869 2235 significat
881 2168 1050 2225 ununnex
1067 2146 1160 2211 omui

126 2233 206 2296 busa
223 2235 289 2301 vid.
310 2234 474 2322 egregiam
492 2235 737 2322 expositionem
750 2232 906 2299 Prisciani
931 2236 982 2311 17,
1004 2237 1038 2316 7,
1057 2230 1161 2318 46.)et

127 2317 172 2381 ob
186 2318 294 2404 ipsam
309 2319 396 2386 hane
413 2342 578 2402 caussam,
601 2320 692 2408 quod
715 2319 881 2385 uultures
902 2318 969 2387 nisi
998 2328 1088 2387 certa
1113 2338 1161 2382 ue·

126 2403 198 2489 gari
211 2415 339 2490 potest,
359 2404 395 2471 in
407 2429 450 2471 ne
472 2408 557 2473 ativa
572 2406 733 2471 sententia
756 2414 946 2493 ponuntur,
973 2404 1043 2471 sive
1066 2403 1159 2469 addita

124 2509 169 2551 ne
192 2491 311 2556 ationis
329 2430 512 2579 particuia,
547 2492 599 2559 vel
621 2490 742 2573 verbo,
769 2491 838 2556 sive
859 2489 896 2555 iu
916 2490 1162 2577 interrogatione

126 2508 325 2641 duiitstivaz
347 2599 455 2666 neque
469 2579 569 2642 etium
584 2578 621 2643 in
636 2575 906 2663 comparatione,
924 2575 962 2641 in
984 2597 1049 2663 qua
1063 2597 1161 2662 grum·

124 2662 239 2727 matini
254 2662 464 2749 negationem
480 2663 641 2762 reperisse
654 2660 717 2726 sibi
734 2661 794 2727 visi
816 2671 914 2742 sunt,
932 2660 1075 2746 negatio
1097 2659 1162 2759 ipsis

124 2741 177 2808 his
193 2747 363 2813 vocabulis
383 2771 425 2812 ex
451 2749 595 2815 rimrtur.
634 2749 844 2813 Hermannus
864 2747 899 2811 iu
922 2745 1069 2835 Ephem.
1087 2746 1162 2832 Lupe·

127 2834 222 2897 1819.
244 2856 281 2921 p.
296 2834 371 2899 975.
397 2771 567 2899 nisenus
581 2834 749 2921 loquitur,
771 2831 861 2896 tellus
879 2841 910 2897 et
929 2831 1165 2920 quisquamne
1194 2864 1196 2869 .

124 2928 242 2983 natura
257 2920 402 3006 prodere
416 2922 638 3009 negationem.
682 2917 872 2981 Oehsnorus
887 2928 999 2982 autem
1017 2938 1105 2999 eum,
1118 2912 1164 3002 qui

126 3003 323 3091 quisquam,
355 3028 517 3093 umquam
539 3005 642 3077 dieat,
668 3002 821 3069 accedere
843 3012 939 3101 putat
960 3003 1003 3068 ad
1024 3002 1163 3088 negatio-
1193 3062 1197 3087 ¹

123 3108 223 3163 nem,
250 3099 282 3153 et
297 3113 360 3176 per
373 3091 472 3156 verba
491 3113 609 3172 nemo,
638 3111 821 3174 nzcmqnom
844 3111 881 3152 uu
903 3088 976 3176 ipsa
1000 3088 1163 3173 negatione

125 3174 259 3238 versari.
302 3177 345 3240 At
359 3175 413 3241 illa
435 3176 596 3242 voeabula
616 3197 686 3238 nou
709 3192 770 3260 per
791 3183 984 3260 nenegant,
1013 3174 1074 3238 sed
1092 3192 1163 3249 rem,

148 3280 208 3323 uae
235 3259 305 3322 aliis
326 3261 433 3326 verbis
461 3272 617 3349 negetur,
650 3261 857 3324 constituunt
881 3270 1019 3323 certam.
1065 3259 1164 3339 Quare

124 3282 341 3408 &einhardus
365 3368 468 3433 quum
503 3345 667 3412 etiamad
691 3345 758 3409 Cic.
775 3343 865 3409 Lael.
889 3349 929 3424 6,
953 3344 1163 3409 20.·'medium

126 3430 304 3518 quemdam
327 3430 443 3494 locum
470 3432 522 3495 his
545 3431 714 3497 vocabulis
741 3430 902 3515 assignat,
939 3441 1105 3516 negatque
1132 3427 1164 3491 iis

127 3538 197 3580 esse
220 3516 289 3580 vim
312 3514 500 3580 affirmandi
522 3528 578 3581 aut
593 3516 754 3601 negandi,
787 3537 868 3601 quae
892 3536 934 3579 ex
957 3515 1165 3602 praecedente

125 3601 350 3666 enuntiatione
365 3602 579 3680 adsciscatur,
611 3612 643 3664 et
663 3624 700 3664 ro
723 3599 849 3664 fallitur
872 3609 904 3662 et
923 3600 1045 3664 verbis.
1090 3600 1164 3665 Nam

126 3708 210 3772 quiae
231 3689 273 3751 sit
288 3687 349 3750 ista
364 3687 520 3753 neutmfis
538 3698 570 3749 ot
587 3709 688 3769 vacua
706 3684 947 3750 vocabulorum
970 3696 1100 3760 natura,
1120 3685 1164 3749 iu·

16 3778 21 3789 “
122 3771 226 3859 telligi
251 3795 319 3836 non
339 3783 463 3860 potest.
519 3770 559 3835 V
556 3772 622 3837 llus
643 3783 674 3837 et
696 3791 856 3858 nnequnm
878 3771 1038 3857 negativis
1061 3769 1165 3836 notin

124 3867 158 3919 et
170 3880 356 3944 numquam
370 3858 535 3922 contrariu
550 3869 645 3937 sunt,
667 3857 831 3945 igiturque
855 3854 1072 3931 affirmativa,
1092 3876 1166 3943 quae

125 3941 277 4006 distincta
302 3967 360 4008 suu
384 3945 522 4008 notione
548 3943 704 4007 differunt
727 3941 766 4005 ab
792 3940 935 4041 aliquis,
971 3939 1166 4029 aliquando,

127 4039 298 4112 quaesunt
318 4031 408 4094 oliuo
422 4030 535 4094 nescio
549 4030 635 4114 prsis,
657 4028 749 4091 alios
761 4049 875 4091 nescio
890 4026 1043 4113 quando.
1065 4029 1166 4107 Quam

128 4111 263 4181 obrem
283 4115 312 4180 si
332 4116 405 4205 quis
422 4115 575 4181 modeste
597 4125 630 4180 et
656 4123 748 4180 caute
775 4110 1017 4195 affirmamus,
1048 4112 1168 4180 nullam
