2618 4770
86 306 184 370 .1ss
388 294 647 379 invenem,
669 294 910 362 suvuusvs.
971 256 974 261 ’

189 460 310 529 patiens.
328 452 461 508 Phaedrus
478 452 510 517 5,
529 454 577 517 10,
594 454 618 504 1.
637 440 771 506 adversis
784 468 880 506 omnes
888 446 992 521 fortis·
1002 450 1120 506 veloces
1136 444 1179 519 fe·

189 560 235 594 ras
251 550 336 594 canis.
427 554 434 580 ¹
1116 554 1119 563 ·

204 641 325 707 Medici
341 648 504 725 usurpant
528 640 570 703 do
593 637 747 703 remediis
771 648 890 701 oontrn
910 638 1054 703 morbos
1080 634 1174 701 adlui-

122 729 256 807 bendis,
277 726 331 791 elii
345 726 444 797 etiam,
466 724 501 797 in
520 722 728 811 metaphoris
751 722 793 787 ud
819 720 906 793 hano
931 725 1100 789 milonem
1125 720 1173 787 ef-

122 818 317 950 iommlliilius
338 892 371 956 5,
397 882 448 957 26,
471 896 515 948 22.
540 908 568 949 et
585 895 719 949 adversus
742 890 939 965 prefationem
960 896 1074 969 quidem
1090 900 1119 951 la
1133 894 1178 951 its·

189 981 329 1036 auxilium
343 992 402 1041 est:
419 981 551 1035 adversus
563 981 815 1051 inflammationem
829 990 922 1040 autem
937 984 967 1035 ia
983 984 1048 1050 ipso
1064 984 1169 1051 sangui·

192 1071 236 1122 nis
262 1084 351 1119 cursu.
376 1062 408 1128 5,
424 1064 476 1129 26,
502 1065 545 1119 34.
571 1066 604 1131 5,
629 1066 680 1128 27,
707 1066 734 1116 4.
753 1066 839 1129 Tacit.
861 1070 928 1124 Anu,
947 1064 996 1129 15,
1013 1063 1058 1117 64.
1078 1065 1166 1117 eloneo

192 1169 308 1221 corpore
323 1148 471 1203 adversum
482 1154 539 1203 vim
556 1155 663 1205 veneni.
688 1150 816 1202 Similiter
839 1152 908 1205 Plin.
926 1152 1011 1219 Epist.
1026 1150 1064 1213 2,
1082 1150 1130 1213 17,
1144 1148 1171 1203 4:

193 1239 333 1307 egregium
351 1232 404 1287 irae
424 1235 570 1289 adversam
590 1246 770 1303 terrepestates
792 1236 1006 1304 receptaculum.
1028 1235 1075 1287 nbi
1095 1237 1170 1287 etiem

197 1321 282 1373 codex
296 1321 433 1387 Pregeusis
448 1304 548 1371 omitti't
564 1322 630 1373 illud
643 1322 769 1379 olrannum
782 1319 843 1375 irae.
861 1320 910 1386 15,
927 1319 971 1375 36.
987 1323 1063 1375 eneti
1078 1320 1170 1374 adver·

103 1458 108 1473 ,
192 1401 388 1475 sanrfortaita
402 1404 539 1476 adspecta
553 1408 689 1477 principis
703 1400 836 1475 refoveri.
856 1408 876 1459 i.
893 1424 918 1459 ο.
935 1408 1097 1461 nefortuitn
1110 1408 1168 1459 uni-

138 1482 144 1501 *
192 1482 262 1543 inum
276 1492 475 1560 supprimerent,

207 1600 239 1659 7.
267 1593 306 1658 ln
332 1592 458 1657 bonam
484 1602 613 1678 partem
637 1594 798 1741 aoeppiitur
813 1592 854 1656 de
876 1615 913 1657 re
937 1554 1014 1681 engo
1029 1588 1171 1681 aliquem

124 1681 281 1745 benevolo
311 1690 408 1764 atque
435 1676 586 1749 officioso
611 1701 691 1765 agen
717 1702 752 1759 e,
790 1678 893 1743 veluti
916 1679 1170 1759 desererentu,

37 1769 42 1779 ’
123 1770 262 1864 pietate,
283 1765 397 1869 gretia,
419 1765 526 1865 (leque
542 1763 656 1829 officio
675 1775 708 1826 et
722 1763 1036 1863 beneficentiusvid.
1045 1766 1164 1829 Manui.

124 1854 165 2014 if
181 1854 250 2017 e,-
268 1850 1056 2019 esttenete-e

229 2053 413 2113 Cic.‹leNet.
432 2050 575 2119 (1.1,41,
594 2052 653 2107 116.
673 2065 717 2109 est
732 2058 805 2108 enim
828 2058 922 2124 pietas
944 2061 1056 2112 iustitia
1077 2058 1169 2113 adver·

192 2160 252 2194 sum
266 2138 342 2206 deos.
360 2140 393 2191 de
409 2140 460 2191 Off.
475 2138 507 2204 3,
524 2139 557 2205 6,
573 2140 617 2195 28.
636 2160 707 2211 qnae
731 2143 778 2212 qai
792 2140 917 2204 tolieret,
939 2143 1023 2195 etiam
1039 2142 1170 2195 adversas

193 2228 260 2279 deos
277 2223 537 2296 immortalisimpii
557 2225 701 2280 iudicandi
725 2238 799 2280 saut.
823 2231 915 2280 Senec.
938 2230 1017 2280 Cous.
1035 2228 1071 2279 ad
1083 2230 1170 2298 Polyb.

193 2311 236 2364 26.
266 2310 399 2378 adoerius
413 2306 588 2379 felicitatem
604 2322 681 2364 taam
702 2331 804 2383 parum
820 2322 919 2385 gratus
941 2331 978 2367 es.
1015 2317 1078 2377 Quo
1099 2332 1181 2387 sensu¹

193 2396 314 2447 nonnulli
337 2396 417 2447 etiam
434 2396 520 2453 loonm
540 2397 662 2451 Terentii
678 2399 759 2449 Andr.
785 2399 870 2462 1,1,
892 2396 933 2450 15.
961 2400 993 2451 de
1018 2417 1071 2467 quo
1098 2418 1173 2469 supra

192 2482 295 2551 loquuti
309 2500 411 2544 sumus,
428 2483 625 2549 explicuerunt,
652 2483 800 2543 coniunctis
816 2485 902 2537 verbis
920 2485 1070 2537 adversam
1085 2497 1114 2539 ta
1128 2484 1172 2536 ha·

194 2568 245 2621 beo
261 2568 391 2638 gratiam.
410 2567 506 2627 Vellei.
520 2570 578 2619 Pat.
593 2566 627 2632 2,
652 2566 703 2631 69,
724 2564 748 2618 5.
775 2567 909 2621 adversas
925 2574 1026 2623 merita
1043 2575 1173 2643 ingratis·

193 2656 287 2707 simus.
307 2654 362 2713 Cic.
377 2654 411 2704 de
426 2653 478 2704 Oll.
496 2655 529 2718 1,
548 2652 600 2716 28,
616 2651 664 2705 99.
687 2649 847 2711 adhibenda
867 2665 911 2707 est
933 2656 1019 2726 igitar
1037 2655 1173 2726 quaedam

194 2741 348 2797 reverentia
374 2738 508 2792 adversus
530 2736 657 2791 homines
678 2748 706 2790 et
729 2740 829 2808 optimi
853 2742 984 2811 cuiusque
1006 2750 1033 2793 et
1055 2740 1173 2811 reliquo·

193 2845 262 2878 rum.
285 2825 330 2875 ubi
344 2842 432 2877 verum
443 2825 576 2893 perspexit
591 2823 706 2879 Beierus.
727 2823 759 2884 1,
780 2823 830 2885 11,
847 2823 890 2876 33.
912 2837 976 2876 sunt
991 2834 1086 2878 autem
1095 2844 1172 2896 qaae·

193 2913 260 2965 dam
274 2906 373 2983 officia
388 2914 474 2964 etiam
488 2908 622 2963 adversus
641 2926 688 2961 eos
702 2908 856 2973 servanda,
883 2929 901 2961 a
922 2908 1024 2981 quilius
1046 2912 1175 2964 iniuriam

191 2998 340 3067 acceperis.
357 2994 413 3047 Liv.
428 2994 462 3058 3,
481 2992 535 3060 33,
554 2994 580 3047 8.
595 3012 702 3047 summa
717 2993 849 3047 adversus
867 2995 941 3049 alios
960 2998 1089 3065 aequitas
1107 3006 1173 3049 erat.

193 3080 243 3142 29,
265 3081 298 3145 8,
315 3083 341 3132 2.
366 3078 402 3131 ob
418 3080 559 3151 egregiam
574 3077 666 3147 fidem
689 3079 821 3131 adversus
845 3081 998 3135 Romanos.
1022 3077 1074 3143 45,
1095 3080 1130 3143 8,
1148 3078 1173 3131 4.

193 3169 273 3236 pacis
288 3175 405 3234 postea,
426 3182 509 3234 qaam
524 3182 584 3214 oum
600 3180 707 3214 sunima
715 3159 784 3233 fide
800 3165 935 3221 adversas
951 3184 1012 3218 eum
1028 3164 1171 3225 coluimus,

195 3249 374 3302 meminisses.
393 3247 453 3298 Vid.
463 3249 583 3299 Gronov.
597 3249 660 3298 Obs.
673 3249 700 3311 2,
715 3250 758 3301 20.
775 3270 801 3317 p.
818 3250 878 3303 390.
896 3250 975 3318 (298.)
992 3251 1127 3302 Drakeub.
1142 3250 1174 3299 ad

90 3344 93 3349 ’
193 3335 251 3386 Ι.1ν.
267 3332 301 3397 5,
319 3331 370 3391 35,
388 3328 415 3384 4.
431 3331 484 3395 29,
504 3331 537 3395 8,
558 3334 583 3385 2.
603 3336 687 3385 Tucit.
704 3339 770 3389 Anu.
789 3337 838 3397 11,
858 3336 900 3391 17.
928 3335 1003 3406 qaod
1012 3330 1113 3403 sidem
1125 3333 1174 3385 ad·

195 3437 288 3473 versus
316 3417 460 3471 Romanos
488 3418 649 3472 volentibus
681 3417 829 3474 Germanis
854 3435 996 3491 surripiam
1025 3439 1174 3491 narrequam

192 3506 345 3561 omisisset.
365 3503 423 3555 Alia
435 3503 495 3554 vide
509 3505 578 3573 apud
595 3507 759 3565 Vechneruui
776 3507 907 3559 Hellenol.
924 3528 949 3577 p.
964 3505 1024 3558 440.
1045 3510 1074 3558 ln
1088 3508 1171 3559 Tacit.

194 3597 260 3642 Anu.
275 3589 307 3652 4,
322 3588 363 3639 69.
382 3606 437 3640 non
452 3588 526 3643 alias
541 3596 630 3662 veagis
644 3593 730 3643 anxia
747 3602 774 3644 et
788 3610 894 3660 pavens
913 3596 1011 3645 civitas
1027 3613 1111 3665 egens
1127 3592 1174 3645 ad·

194 3696 302 3730 versum
316 3677 469 3744 proximos.
497 3678 547 3725 lac.
566 3678 714 3729 Gronovius
731 3678 863 3727 intellexit
878 3680 999 3730 omissum
1012 3677 1086 3747 fide,
1105 3680 1174 3747 quod

190 3762 276 3815 omitti
293 3778 345 3819 nou
357 3760 460 3827 potuit,
487 3778 535 3811 nec
548 3762 635 3828 placet
654 3763 803 3829 intelligere
820 3763 950 3814 civitatem
969 3767 1041 3815 ineo
1058 3766 1173 3814 destitu-

193 3862 264 3910 tam,
291 3847 361 3914 quod
382 3848 415 3897 ad
439 3848 574 3915 proximos
597 3848 751 3913 pertineret.
785 3849 920 3901 Exeidisse
942 3851 1045 3902 videtur
1067 3850 1174 3918 aliquod

190 3935 351 3985 vocabulum.
376 3936 442 3983 Anu.
460 3932 509 3994 12,
528 3931 570 3982 20.
600 3942 703 4001 quanta
720 3937 878 4003 pervicacia
896 3938 925 3988 in
943 3935 1067 3998 hostem,
1094 3946 1174 3989 tanta

193 4013 382 4085 beneficentia
396 4017 528 4074 adversus
543 4016 685 4087 supplices
701 4019 840 4073 utendam.

209 4123 240 4184 8.
266 4119 329 4183 Sed
339 4121 478 4184 omniuo
488 4119 529 4184 de
539 4119 650 4185 animo
659 4131 754 4204 utque
763 4121 990 4209 egendimodo
1006 4139 1173 4207 quocum-
