2618 4770
19 319 21 328 '
66 360 69 364 ·
143 350 185 417 ⁶0
514 348 559 428 s,
604 338 677 425 AB,
720 343 831 409 sss.
919 345 921 348 ·

211 525 256 559 no.
282 506 387 573 Vopisc.
407 503 466 554 cari
483 503 523 554 19.
550 503 598 574 qui
621 498 798 554 Diocletiano
822 495 860 574 ab
880 494 1093 568 epistolis‘suit.
1108 501 1182 550 Lem·

209 592 277 660 prid.
291 591 364 640 Alex.
381 592 438 643 Sev.
453 588 496 641 31.
515 590 555 640 ita
574 596 605 639 ut
621 583 657 638 ab
673 585 799 655 epistolis
819 595 846 636 et
863 582 1009 645 libellis'jet
1024 608 1043 638 n
1058 583 1182 636 memorie

208 696 314 746 semper
333 672 504 726 assisterent.
522 674 565 724 ubi
582 672 635 723 vid.
655 671 802 720 Salmasius.
818 671 1060 737 Lamprid.Comm.
1077 669 1102 722 6.
1116 671 1182 720 intel

209 781 276 831 quos
294 758 445 818 libertinus,
465 759 512 828 qui
532 779 549 810 a
565 757 687 828 pugione
703 753 865 825 appellatus
880 766 932 808 est.
958 759 987 806 In
1005 758 1085 806 Corn.
1101 759 1182 805 Hune¹

210 845 257 904 12,
283 840 308 892 4.
327 861 395 911 puer
413 862 431 893 a
454 844 538 908 innan
556 842 735 912 prospiciens.
755 858 806 890 non
824 841 1092 897 dubitaredebebant
1108 841 1182 891 criti*

207 931 247 988 ci,
267 927 330 994 quin
346 946 363 976 a
380 909 463 978 ianua
478 928 667 994 coniungerent
682 944 740 977 cum
755 926 834 976 verbo
849 927 1028 994 prospiciens,
1048 926 1118 995 quod
1131 942 1176 976 uo-

204 1013 272 1064 mine
290 1027 379 1062 carere
393 1029 446 1061 non
460 1014 573 1080 poterat}

182 1140 183 1145 =
242 1119 390 1183 „Apparen
408 1115 477 1165 bona
495 1125 581 1165 aetate
600 1115 741 1182 genitivum
759 1114 859 1165 domini
878 1114 919 1164 vel
936 1110 1042 1180 patroni
1058 1113 1120 1180 poni
1136 1129 1172 1162 se-

205 1201 287 1262 litum,
307 1201 367 1268 quin
384 1216 476 1266 nempe
498 1201 539 1249 vel
558 1194 715 1266 intelligitur
733 1200 775 1251 vel
793 1199 916 1250 adiicitur
936 1214 1047 1247 nomen:
1067 1174 1173 1259 libertus,

205 1305 308 1346 servus,
332 1302 425 1354 vernn,
452 1282 555 1345 scriba,
571 1285 751 1352 praepositus,
768 1291 941 1350 procurator,
957 1280 1100 1348 proximus.
1129 1285 1172 1332 De·

206 1371 268 1420 iude
292 1370 370 1419 etirun
390 1369 511 1441 ¹‹letivum
528 1370 643 1438 sequiori
665 1380 751 1419 aetate
770 1369 857 1419 adiici.
884 1362 1023 1439 Rationem
1042 1367 1098 1417 eius
1117 1387 1174 1418 con*

207 1453 358 1504 structionis
384 1455 468 1524 aperit
492 1458 589 1509 Seneca
607 1454 672 1504 Lud.
698 1465 765 1505 extr.
788 1455 811 1504 is
832 1450 994 1505 Menandro
1016 1449 1115 1505 liberto
1132 1459 1180 1519 suo

206 1539 338 1604 tradidit,
374 1549 406 1591 ut
433 1560 450 1591 n
476 1536 677 1609 cognitionibus
702 1540 728 1591 ei
745 1549 825 1590 esset.
860 1540 1020 1605 Quamquam
1042 1539 1105 1590 libri
1120 1541 1171 1607 qui-

206 1628 263 1675 dum
286 1612 432 1691 pronomen
467 1624 620 1675 omittunt.“
654 1625 785 1674 Gesnerus
816 1622 844 1672 in
870 1623 998 1673 Thesauri
1028 1624 1046 1672 l.
1068 1625 1086 1674 l.
1107 1626 1168 1683 (leni.

207 1708 381 1763 Buehner.de
401 1719 522 1759 commut.
542 1719 591 1758 rat.
610 1709 661 1760 dic.
677 1708 709 1771 1,
732 1707 775 1759 92.
804 1728 831 1776 p.
846 1705 906 1760 356.
934 1694 1172 1764 CellariAntibarb.

203 1793 261 1846 242.
293 1795 375 1844 Curae
392 1804 461 1860 post.
479 1792 539 1844 234.
558 1791 639 1859 (208.)
667 1793 788 1844 Noltenii
803 1795 867 1844 Lex.
884 1793 972 1843 Antib.
988 1812 1014 1860 p.
1033 1792 1107 1844 1266.

238 1897 404 1958 Quaerebant
425 1895 522 1955 critici,
538 1894 637 1949 unalia
655 1895 733 1944 etiam
747 1896 837 1946 officia
852 1904 1063 1962 praeterserves
1076 1897 1115 1965 ite
1128 1917 1173 1947 no-

202 1984 253 2032 tari
271 1980 423 2048 potuerint,
442 1979 560 2030 adhibito
578 1981 638 2029 loco
659 1981 747 2031 Taciti
768 1989 833 2032 Ann.
852 1979 899 2042 15,
918 1978 969 2040 35,
988 1982 1015 2036 2.
1034 1985 1099 2052 quin
1119 2005 1174 2037 enm

201 2066 308 2118 nobiles
326 2062 442 2123 babere,
470 2081 538 2132 quor
562 2060 597 2114 air
620 2062 763 2134 epistolis,
781 2076 820 2117 ‘et
847 2066 949 2117 libellis
977 2077 1004 2118 et
1024 2068 1171 2137 rationibus

201 2148 345 2220 appellet,
373 2149 485 2200 nomina
504 2166 625 2218 sentinae
651 2169 730 2202 curae
755 2159 782 2201 et
808 2152 1014 2204 meditamenta.
1050 2157 1101 2206 Sed
1115 2139 1171 2209 σοὶ·

106 2290 112 2299 1
200 2245 304 2300 ruptum
330 2253 385 2284 esse
413 2235 579 2283 affirmabant
611 2235 703 2302 optimi
728 2235 815 2286 critici
837 2238 951 2302 locum,
969 2238 1042 2288 cuius
1064 2260 1170 2294 caussam

199 2320 241 2369 hic
261 2336 391 2388 exponere
409 2321 516 2385 longum
535 2329 591 2369 est:
621 2321 726 2370 interim
748 2322 809 2371 vide
831 2325 947 2373 Grrmov.
971 2335 997 2374 ct
1023 2327 1123 2384 Ernest,
1142 2330 1169 2377 etl

201 2393 275 2465 eum,
304 2415 331 2453 et
354 2405 455 2472 respice
481 2405 514 2454 ad
548 2405 634 2456 locum
659 2409 765 2456 Sueten.
790 2409 849 2460 Tib.
867 2407 910 2460 42.
929 2420 1007 2459 auten
1024 2429 1040 2460 a
1059 2430 1100 2463 me
1118 2433 1166 2464 me-

196 2500 333 2540 moratum.
691 2494 695 2501 ’
1023 2484 1028 2493 .

233 2593 363 2643 Koelerus
387 2594 415 2643 in
434 2593 526 2645 Wolfii
544 2593 676 2644 Analectis
690 2590 715 2644 4.
739 2613 765 2661 p.
777 2592 837 2647 358.
857 2597 1001 2662 ellipticam
1019 2599 1165 2651 existimavit

198 2697 254 2729 csse
279 2679 475 2746 loquutionem‚
506 2680 601 2729 omisso
624 2679 764 2746 participio
788 2699 844 2732 ens.
876 2681 952 2742 Quod
973 2684 992 2732 ii
1012 2702 1065 2734 non
1083 2686 1162 2736 imme-

196 2764 249 2812 rito
266 2763 459 2831 improbabunt,
480 2765 569 2832 quiin
588 2765 629 2814 his
647 2765 768 2815 formulis
787 2767 942 2818 brevitatem
959 2768 1064 2820 dicendi
1082 2771 1113 2820 ab
1130 2771 1161 2821 cl-

195 2848 256 2919 lipsi
274 2848 447 2916 distinguunt.
782 2843 786 2851 ⁴
1048 2831 1054 2849 l

231 2954 352 3004 Ceterum
370 2953 416 3003 has
436 2951 563 3002 formulas
590 2968 666 3019 saepe
687 2969 740 3007 uuo
763 2963 870 3004 occentu
893 2956 1094 3022 comprehensas
1117 2972 1164 3007 esse

196 3039 331 3101 asecretis,
350 3036 505 3102 aediculis,
525 3037 628 3087 notavit
643 3036 694 3086 iam
711 3038 858 3090 Priscianus
882 3033 908 3107 p.
926 3038 986 3092 688.
1006 3038 1041 3106 (5,
1063 3042 1103 3104 12,
1119 3036 1175 3101 668

210 3169 241 3227 2.
276 3161 480 3226 Recentioris
513 3160 582 3224 nevi
614 3163 788 3249 scriptores
812 3166 1097 3252 praepositionem
1127 3181 1168 3234 ΑΒ

127 3247 225 3310 etiam
242 3246 400 3331 adverbiis
417 3257 608 3333 apponunt,
637 3251 728 3337 quod
747 3275 789 3315 ex
805 3251 931 3337 vulgari
948 3274 1102 3318 sermone
1117 3273 1168 3315 re-

126 3343 277 3428 ceptum,
299 3334 463 3397 rationem
486 3354 584 3395 susm
604 3334 638 3397 in
667 3337 878 3402 commutatis
903 3337 1081 3402 verborum
1098 3337 1170 3404 for-

124 3441 188 3483 mis
206 3418 315 3482 habet..
359 3419 445 3483 Nem
470 3419 618 3484 adverbis
644 3420 678 3484 in
695 3422 746 3486 his
765 3446 829 3509 pro
846 3422 1055 3488 substantivis
1073 3441 1172 3487 usur-

124 3514 256 3590 pantur.
301 3501 391 3570 Max.
418 3504 581 3567 Victorin.
607 3505 646 3567 de
666 3506 745 3571 Arte
770 3532 819 3595 gr.
835 3531 871 3594 p.
891 3510 984 3572 1951.
1001 3502 1174 3573 adverbiis

123 3589 235 3656 adiici
250 3589 527 3673 praepositiones
547 3603 678 3676 negent
695 3617 809 3659 omnes
824 3594 987 3669 teelrniei,
1018 3587 1174 3680 qrtemrtit

48 3726 57 3744 .
123 3674 263 3742 licenter
281 3686 404 3739 cereres
420 3676 474 3738 usi
493 3676 574 3745 sint.
946 3691 948 3695 '
1077 3677 1081 3683 ’

131 3792 133 3795 ⁸
224 3803 328 3869 Vitruu.
347 3799 378 3863 5,
404 3801 437 3866 7,
457 3800 503 3871 (6.)
522 3801 548 3854 8.
583 3822 652 3874 quae
671 3796 798 3874 efficiunt
817 3824 873 3856 una
892 3801 1015 3875 asoto,
1042 3805 1136 3861 altera
1157 3814 1176 3850 a

97 3893 102 3899 ”
146 3891 150 3894 ’
192 3905 308 3958 peregre.
330 3886 424 3942 aditus
443 3888 471 3938 in
491 3905 609 3943 scenam,
644 3877 1180 3961 Paullin.1amb.adcyther.437.ah

191 3972 264 4023 intur
286 3971 422 4025 emicabat
445 3975 545 4043 gratia.
581 3972 700 4039 Aggen'us
723 3975 814 4026 Urbic.
844 3976 879 4026 de
888 3977 982 4027 Gonu.
1005 3995 1061 4046 agr.
1081 3999 1110 4048 p.
1129 3969 1174 4030 53·

192 4057 271 4107 Goes.
298 4053 426 4126 osores.
461 4061 593 4126 interpres
622 4058 748 4107 Matthaei
776 4062 874 4128 Evang.
897 4063 949 4127 26,
975 4059 1019 4117 58.
1040 4063 1174 4137 alonge·

190 4141 301 4195 Paullin.
327 4141 360 4204 8,
386 4141 429 4195 23.
456 4163 473 4194 a
494 4143 578 4196 modo
605 4145 660 4195 iam
689 4141 794 4198 resilire
818 4145 865 4197 via
886 4149 1040 4216 properetis
1062 4150 1172 4225 iniqua·
