2618 4770
123 362 188 430 884
615 354 686 421 ΑΝ.

124 514 239 581 irascit
265 532 307 575 nn
323 530 393 574 non
412 508 457 572 ite
473 506 548 574 est?
581 508 683 591 Quod
700 506 874 597 quomodo
890 507 1019 576 differet
1031 526 1049 575 t
1063 492 1143 578 rerhii

123 619 236 667 nonne
261 593 374 684 legit?
398 595 433 658 in
455 603 618 681 promptu
643 603 704 661 est.
744 595 802 658 His
827 596 940 674 enim,
962 597 1019 694 qui
1035 599 1143 683 quaesti,

124 684 225 752 simul
249 705 291 747 ex
313 702 371 744 sua
395 678 557 744 sententia
580 676 743 763 affirmat,
781 679 845 744 illis
869 690 1068 747 contrariam
1093 704 1144 748 ren

38 824 41 829 .
122 771 237 861 ponit,
260 768 301 831 de
318 766 384 831 eins
401 766 536 829 veritate
549 784 721 852 quaerens.
765 765 877 846 Quare
892 765 936 846 ii,
959 764 1017 853 qui
1033 790 1077 831 an
1088 767 1145 831 reil-

125 857 208 921 dnnt
224 876 284 941 per
299 864 406 916 etna.-
429 851 491 915 hat
506 873 543 914 er
559 863 649 916 etwa
670 849 764 916 nieht
777 849 944 938 geleeen?
969 874 1039 917 non
1061 853 1146 917 minui

124 943 268 1029 aliquam
285 931 532 1022 significationis
546 947 676 1025 perlem
691 936 1000 1086 comgrehendunn
1025 939 1146 1024 quamii

39 1056 43 1063 ·
123 1029 182 1176 qu}
207 1046 255 1089 on
269 1022 392 1152 glicunt
414 1043 483 1086 esse
507 1045 555 1087 an
571 1023 711 1110 potine:
739 1045 759 1086 o
786 1040 824 1087 er
846 1020 1007 1088 abortiat
1024 1020 1148 1089 er'niclt
1186 1110 1191 1123 Ι

119 1137 167 1202 ge
181 1133 275 1176 esen.

206 1228 312 1300 Haec,
346 1243 430 1312 quae
454 1244 571 1290 vereor
591 1245 634 1291 ne
664 1221 707 1291 ob
730 1219 926 1292 brevitatem
955 1220 1163 1314 expositioni

123 1312 322 1381 obscuritate
343 1307 484 1398 quadam
508 1310 659 1376 laborare
680 1311 873 1393 videantur,
910 1312 1032 1378 clarius
1053 1323 1088 1376 ut
1106 1311 1148 1375 de·

121 1406 352 1466 monstrentur
372 1394 552 1484 exemplis,
573 1419 746 1486 apponam
771 1395 962 1464 formarum
981 1398 1147 1483 interroge-

121 1487 223 1552 ti'onis
239 1483 396 1548 tabulam.

98 1594 102 1601 ⁸
205 1605 232 1670 Ι.
263 1600 486 1687 Interrogatio
505 1620 548 1665 ex
563 1607 702 1688 utraque
717 1608 810 1688 parto
825 1599 940 1687 dnbio:
1010 1659 1014 1668 ,

154 1738 246 1783 atrum
261 1750 294 1763 -
310 1739 363 1787 an,
389 1732 515 1774 utrumne
532 1748 565 1762 -
586 1740 632 1775 an.
665 1722 719 1773 cic.
735 1718 815 1772 Aead.
834 1723 867 1784 2,
885 1721 937 1784 29,
958 1719 1002 1772 96.
1027 1729 1111 1772 atron
1125 1736 1149 1770 σι

285 1817 395 1870 vestra,
419 1828 456 1858 on
474 1817 571 1859 nostra
594 1805 678 1876 culpa
702 1807 765 1859 est?
788 1809 896 1858 Terent.
916 1808 985 1864 Eun.
1006 1803 1042 1872 4,
1065 1804 1099 1871 4,
1118 1801 1149 1857 63.

287 1904 379 1945 utram
399 1903 540 1945 taceamne
555 1911 592 1943 an
612 1888 793 1961 praedicem?

152 2029 189 2043 -
205 2017 251 2052 an·
286 1996 354 2048 Plin.
372 1994 455 2063 Epist.
473 1995 509 2057 2,
527 1993 552 2045 8.
569 1993 665 2046 stades
681 2013 718 2045 an
731 1982 874 2062 pistorii?

154 2120 305 2160 m-an.
340 2099 394 2149 Cic.
414 2116 453 2166 pr.
471 2100 550 2149 Rosc.
571 2101 627 2147 Am.
654 2093 705 2159 41,
726 2095 785 2148 119.
817 2114 919 2168 quaero
953 2093 1006 2150 abs
1037 2106 1078 2159 te.
1108 2096 1169 2150 iim,

286 2187 334 2256 qui
348 2176 550 2251 postulabant,
568 2181 679 2253 indigni
691 2194 772 2236 erant
788 2186 835 2253 qui
851 2184 1050 2251 impetrarent,
1063 2198 1099 2231 an
1111 2182 1151 2232 itte

285 2284 342 2320 non
362 2264 569 2329 commovebat,
596 2284 648 2338 pro
672 2285 727 2342 quo
751 2264 953 2338 postulabant,
982 2270 1021 2318 on
1038 2282 1080 2319 ret
1101 2266 1152 2337 ipse

286 2351 339 2406 n'ln’
354 2356 451 2424 iniqua
464 2349 638 2409 videbatnrfl

154 2463 297 2513 Contracta
317 2456 438 2508 oratione
464 2454 517 2507 Cic.
540 2451 574 2506 ed
600 2453 857 2520 Fem.8,14.sn's
879 2452 1009 2524 Appiam
1030 2470 1151 2511 annom

286 2541 331 2595 liic
349 2550 459 2593 ostenta
466 2537 592 2610 facere?

202 2644 244 2709 ΙΙ.
278 2645 318 2708 Α.
339 2641 559 2730 Interrogatio
578 2637 619 2706 ad
638 2634 895 2704 affirmationem
911 2637 1085 2706 inclinans.

152 2784 211 2820 non
226 2793 262 2805 -
279 2782 333 2826 an,
353 2782 444 2816 nonne
459 2790 494 2807 ·-·
514 2782 566 2826 an,
594 2780 628 2815 ne
644 2788 679 2802 ·-
699 2779 745 2812 an.
780 2752 888 2811 Terent.
911 2761 993 2815 Andr.
1021 2763 1053 2830 1,
1070 2766 1104 2829 2,
1118 2763 1152 2819 tt

284 2845 337 2900 hoo
353 2847 528 2912 intellextim
548 2864 585 2899 an
599 2843 723 2897 nondam
738 2845 823 2896 etiam
838 2863 871 2896 ne
887 2844 939 2897 lion
952 2849 1085 2920 quidem?
1102 2852 1119 2903 i.
1132 2870 1151 2905 e.
1191 2860 1195 2871 “

284 2951 372 2986 nonne
386 2934 437 2984 hoc
451 2932 623 2991 intellexisti,
649 2947 683 2980 en
699 2947 732 2981 ne
745 2930 797 2981 hoc
811 2928 936 2999 quidem?

153 3057 246 3094 nonne
263 3063 314 3100 -‚
331 3055 387 3089 non
404 3066 447 3087 —.
467 3036 522 3088 Cic.
543 3034 575 3087 de
594 3036 656 3085 Not.
677 3032 702 3082 d.
722 3033 746 3094 1,
762 3031 806 3096 35,
826 3032 869 3084 97.
885 3036 962 3088 canit
986 3055 1078 3093 nonne
1091 3039 1154 3093 simi.

286 3120 321 3175 tis
338 3120 430 3191 lupo?
447 3122 529 3171 Plaut.
546 3119 625 3186 Epid.
638 3115 672 3180 4,
693 3117 727 3181 2,
746 3115 787 3168 18.
805 3136 862 3170 non
876 3130 988 3188 patrem
1005 3142 1058 3195 ego
1073 3135 1100 3179 te
1114 3142 1154 3178 no.

283 3209 401 3268 minem,
427 3202 474 3256 nbi
490 3215 521 3255 tn
538 3213 615 3255 tuom
631 3222 673 3256 me
687 3199 816 3273 appelles
825 3196 954 3273 filiam?
1016 3229 1028 3250 ›

150 3331 186 3368 ne
204 3336 258 3362 -.
279 3311 333 3362 Cic.
350 3306 429 3359 Acad.
445 3307 472 3371 2,
489 3307 530 3371 18,
549 3305 591 3358 57.
610 3303 734 3385 videsne.
752 3317 784 3360 ut
797 3308 826 3359 in
839 3305 988 3378 proverbio
1005 3309 1157 3364 sitonorinn

282 3396 353 3447 inter
368 3411 397 3446 se
412 3391 593 3447 similitudo?

288 3494 326 3560 B.
350 3492 568 3578 interrogatio
583 3492 624 3558 ad
640 3493 851 3581 negationem
867 3491 1040 3560 inclinans.

150 3635 251 3673 namne
265 3641 298 3656 ·-
318 3634 371 3678 an,
389 3633 454 3666 num
472 3643 506 3653 -
523 3633 576 3678 an,
597 3631 631 3666 ne
648 3641 683 3654 -
701 3634 747 3667 an.
783 3614 837 3665 Cic.
855 3614 886 3664 de
904 3617 977 3664 Orat.
996 3614 1022 3679 1,
1039 3614 1084 3681 58,
1100 3615 1153 3668 249.

280 3718 346 3752 nam
362 3702 465 3769 igitur,
486 3697 511 3749 si
532 3701 575 3751 cai
590 3693 704 3766 fundas
722 3698 930 3767 inspiciendas,
956 3711 1008 3751 aut
1030 3706 1161 3772 imperan-

280 3783 348 3837 dam
376 3781 473 3835 villico
497 3785 552 3845 sit,
583 3783 726 3854 Magonis
751 3783 995 3856 Karthaginiensis
1017 3799 1086 3839 sant
1105 3785 1162 3840 libri

278 3866 471 3939 perdiscendi,
488 3886 525 3917 an
540 3865 592 3918 liae
607 3872 745 3922 carantani
762 3869 952 3942 intelligentia
966 3876 1162 3935 contentionsa

279 3954 451 4023 possamus?
471 3950 505 4002 ad
521 3952 592 4009 Fam.
605 3954 639 4018 2,
657 3951 682 4006 5.
703 3972 787 4007 anum
801 3953 875 4009 illud
890 3955 991 4019 neseio,
1005 3955 1161 4029 gratulerne

252 4044 255 4053 ’
281 4035 334 4090 tibi
349 4056 384 4089 an
401 4037 539 4090 timeam?

145 4157 249 4219 ¹etiamne
269 4165 318 4206 u,
346 4156 427 4193 num.
462 4139 518 4237 llic.
543 4137 576 4192 de
603 4140 662 4195 Nat.
687 4139 714 4194 il.
737 4136 770 4210 1,
802 4138 853 4211 31,
885 4139 929 4195 88.
959 4139 1042 4199 deora
1069 4147 1163 4231 'ipsun
