2618 4770
123 352 183 415 me
388 336 649 417 ADVERWM,
670 336 908 407 ADVERSVS.

122 522 192 565 nan
211 506 343 583 potest,
372 497 436 561 nisi
461 494 602 559 addatur
628 489 776 561 conditio
799 489 901 565 haec,
932 500 970 555 ut
992 512 1143 579 ponamui

123 582 341 647 nihilomimts
358 581 463 647 inesse
478 578 643 643 rationem
657 576 706 639 rei
721 574 762 637 ad
772 575 915 660 aliquem
932 576 1143 642 honrinemre

123 668 296 741 ferendae,
341 689 419 735 stam
426 666 524 755 plane
538 682 725 749 expressam
746 659 906 727 habemus
922 662 1029 731 uerbis
1045 662 1082 727 in
1097 662 1144 727 uli

122 774 232 819 arcein.
257 752 296 816 ln
310 752 461 819 'terentii
482 750 561 814 loco
584 744 682 809 Andr.
708 750 746 825 1,
768 750 805 825 1,
834 747 887 813 16.
910 758 944 813 el
968 746 1008 811 id
1026 758 1143 833 gratur

138 840 229 901 uisse
244 838 429 903 aelrnrsum
445 849 479 901 te
492 832 597 899 dalea
606 828 778 915 gratiam.
803 831 844 894 de
860 854 927 919 quo
942 833 1043 905 etiam
1060 833 1143 907 Scho

122 944 230 1013 penne
248 924 282 993 in
296 924 437 989 Dissert.
455 924 495 987 de
509 914 664 983 'Ferentio
676 925 708 977 et
724 915 857 980 Donato
880 922 955 1004 pa.
977 939 1086 1005 nuper
1099 919 1142 983 die

122 1008 271 1099 putauit,
309 1031 427 1073 sennis
453 1028 520 1071 non
542 1010 652 1088 polest
675 1023 764 1098 esse,
799 1024 901 1087 quem
924 1004 980 1073 ille
1001 1003 1093 1080 vult,
1124 1004 1144 1069 ir

120 1094 284 1183 berarium
298 1096 387 1159 mila·
401 1092 551 1160 retrabere
562 1083 660 1170 apud
674 1097 728 1149 te.-
747 1108 783 1150 ιιι
799 1109 863 1173 qua
879 1090 1042 1161 sententia
1059 1089 1144 1153 omitt

123 1180 220 1245 nullo
241 1190 341 1269 pactu
361 1186 488 1271 poterut
505 1171 601 1235 milri.
647 1172 760 1235 Vtitur
778 1183 887 1237 autem
906 1174 1002 1240 Sosia
1024 1174 1141 1239 diction

123 1264 230 1331 tuceta
261 1278 305 1331 att
321 1290 361 1331 ne
387 1257 584 1345 uerecunda,
608 1256 700 1321 cuius
723 1280 835 1321 sensns
858 1258 913 1323 hic
938 1270 1005 1325 est:
1030 1262 1144 1349 gaudes

122 1351 151 1415 si
167 1350 247 1437 «prid
262 1352 323 1419 tibi
339 1352 400 1417 feei
415 1354 469 1415 aut
483 1342 569 1409 facio
578 1390 588 1424 ,
612 1341 704 1429 quod
723 1342 871 1429 placeat,
901 1357 934 1411 et
950 1346 1013 1412 tibi
1029 1349 1144 1431 gratian

125 1436 252 1505 heilica,
276 1436 367 1526 quenl
381 1434 446 1498 ida
466 1439 582 1493 tetam
602 1428 686 1493 bene
701 1440 875 1517 acceptum
898 1442 967 1513 est,
986 1442 1026 1497 ut
1046 1433 1144 1497 meli

124 1522 249 1587 barrato
267 1524 412 1589 ,tartarea
452 1516 604 1581 Donatus
623 1514 860 1600 interpretatur
874 1516 972 1603 apncl
994 1530 1030 1585 te
1050 1529 1084 1583 et
1100 1542 1145 1605 pe·

121 1632 183 1673 nes
207 1622 259 1679 rs,
290 1604 464 1677 {annianus
487 1626 522 1689 p.
546 1604 640 1673 1182.
663 1622 783 1665 eoram
804 1613 857 1683 te,
889 1614 923 1667 et
937 1614 1145 1693 comparatp

122 1698 201 1763 916.
224 1712 373 1793 graecum
395 1688 454 1754 lael.
511 1688 582 1751 Nos
606 1695 735 1757 vertere
759 1710 957 1775 possumusz
985 1684 1068 1845 cleps
1091 1689 1145 1761 die.

123 1804 184 1847 rur
202 1780 261 1847 aler
274 1780 347 1845 siae
357 1786 442 1859 gnte
459 1774 556 1839 Stare
570 1768 768 1860 gefrrnden,
788 1770 896 1862 dafdr
909 1772 970 1839 bin
982 1776 1040 1841 ic'e
1054 1774 1145 1841 skul-

122 1866 200 1935 ὼν.
240 1864 338 1930 Brant
353 1875 482 1938 autem,
504 1860 561 1944 qui
583 1858 810 1925 existimarent
830 1862 1018 1946 graviorem
1039 1872 1071 1925 et
1089 1884 1145 1925 rna·

124 1978 172 2027 ess
188 1952 378 2019 casneinnum
393 1947 550 2009 exsistere
574 1944 787 2023 sententiam,
817 1947 844 2009 si
861 1946 960 2011 verba
984 1946 1145 2011 adanrenn

122 2024 156 2105 le
178 2036 272 2103 'satra
282 2030 441 2119 qratiam
459 2030 750 2114 coniungerentur.
778 2032 896 2100 Dicere
915 2036 1004 2097 enim
1017 2034 1136 2097 Sosiam

125 2122 212 2210 qnid
229 2116 286 2181 nti
305 2138 375 2179 non
389 2126 519 2179 tantum
522 2114 676 2264 placuit,
706 2114 765 2179 sed
789 2116 881 2201 quod
904 2138 982 2183 cum
998 2120 1108 2217 ‘gratia
1124 2118 1146 2180 is

124 2202 286 2293 supitii,
306 2200 364 2264 tibi
382 2225 451 2289 ego,
461 2201 520 2266 red
545 2224 565 2265 0
582 2200 733 2288 gratiam.
775 2202 817 2265 At
840 2205 949 2267 maior
975 2226 1023 2271 vis
1048 2203 1146 2269 inhae

125 2312 171 2363 nst
188 2286 281 2355 serbo
294 2300 459 2375 gratnm,
485 2287 613 2360 adiecto
627 2308 790 2373 personae
810 2290 959 2359 nomine.

226 2424 283 2479 niv.
298 2420 349 2487 41,
367 2423 418 2487 24,
436 2424 461 2475 8.
484 2426 639 2493 opportuni
654 2424 867 2495 propinquitate
891 2431 955 2497 ipra
971 2422 1146 2480 Macedonia<

184 2529 285 2565 seriens.
318 2512 365 2563 An
380 2509 565 2580 infantissimi
590 2512 712 2563 omnium
734 2519 894 2579 tamquam,
912 2530 981 2583 qnos
996 2530 1084 2581 nuper
1098 2506 1146 2562 reb

183 2596 261 2656 ierit,
283 2595 436 2667 Dolopes?
455 2596 510 2647 imo
531 2605 628 2646 contra
644 2613 678 2646 ea
692 2594 738 2646 vel
752 2595 857 2651 viribus
873 2601 993 2660 nostris,
1014 2596 1094 2649 deum
1113 2591 1146 2644 be

181 2684 335 2751 nignitate,
353 2680 401 2734 vel
414 2685 536 2751 regionis
553 2678 706 2735 intervallo
722 2683 784 2733 tuti.
825 2681 881 2735 Sed
897 2701 991 2735 sirmas
1006 2700 1091 2754 aeque
1099 2675 1146 2731 snb

181 2766 247 2821 iacti
267 2785 301 2817 ac
321 2764 449 2821 Thessali
465 2764 623 2837 Aetolique.
668 2762 769 2818 Nihilo
790 2765 856 2835 plns
874 2750 952 2837 fidei
969 2767 1146 2821 auctoritatis

181 2869 234 2923 que
257 2848 390 2907 dedemus
413 2852 547 2907 adversus
577 2850 740 2915 Rornanos,
778 2855 826 2923 qai
848 2871 955 2922 semper
984 2856 1054 2907 socii
1078 2860 1147 2922 atqu·

179 2935 264 2991 arnics'
281 2932 405 3004 fuimus,
432 2957 513 3008 qnam
528 2934 641 3001 Aetoli,
660 2938 708 3006 qai
720 2934 820 3006 paullo
836 2948 901 2991 ante
916 2936 1009 2990 hostes
1017 2932 1147 3007 feneranti

180 3022 220 3068 Ita
235 3020 361 3077 distincta
374 3008 453 3077 veiha
469 3042 523 3074 non
536 3022 650 3090 amplius
671 3021 793 3071 laborant
817 3023 1000 3090 corruptione,
1028 3040 1077 3074 nec
1099 3039 1147 3073 cre-

178 3105 239 3157 dam
256 3108 400 3173 Wnlchio,
424 3110 469 3176 qui
495 3110 523 3158 in
540 3106 677 3159 Emendat.
695 3126 721 3174 p.
744 3106 805 3158 249.
828 3109 916 3159 locum
937 3108 1021 3176 magis
1035 3107 1147 3167 turbavit,

178 3207 256 3257 quam
273 3195 439 3251 correctione
455 3195 581 3262 expediit.
615 3194 705 3247 Verba
722 3191 790 3243 euim
807 3197 961 3263 opportuni
975 3218 1011 3233 ·-
1024 3210 1117 3247 sumne
1130 3200 1147 3243 et

179 3275 229 3328 sed
245 3295 341 3331 snmus
356 3298 443 3353 aeque
468 3279 583 3333 salienti
607 3300 641 3334 ae
668 3274 800 3333 Thessali
822 3277 973 3351 Aetolique
994 3296 1027 3329 ex
1051 3278 1147 3329 alienun

180 3365 310 3416 sententia
325 3365 376 3415 sibi
390 3366 524 3417 contraria
541 3366 689 3434 interponit
709 3368 794 3424 Areo,
825 3363 918 3430 quibus
938 3366 995 3433 ipse
1018 3364 1148 3435 responde

177 3460 331 3515 argumenta
349 3452 485 3503 refellens.
528 3451 579 3502 Sed
601 3460 718 3501 extrema
741 3449 820 3501 verba
851 3449 1011 3519 interpretes
1036 3465 1148 3519 pervers(

177 3550 255 3584 senen
280 3548 447 3605 acceperunt.
487 3539 556 3588 Nam
582 3536 664 3599 istae,
698 3554 764 3603 quae
785 3535 890 3586 disertis
915 3537 1001 3589 verbis
1024 3526 1148 3605 eispressn

178 3629 255 3683 sant,
272 3624 433 3685 sententiae,
450 3623 570 3674 Achaeos
590 3621 721 3672 subiectos
744 3637 801 3671 esse
821 3622 1025 3683 Macedonibus,
1042 3631 1072 3671 et
1095 3638 1148 3689 apua

177 3705 312 3757 Romanos
334 3709 367 3759 ob
391 3708 467 3759 fidem
491 3707 645 3776 praestitam
667 3705 793 3756 auxilium
815 3706 848 3755 iis
870 3724 927 3758 esse
950 3717 1087 3775 paratum,
1111 3723 1148 3775 qna

174 3790 254 3845 modo
270 3809 328 3842 cum
340 3792 441 3860 reliqua
456 3795 567 3845 Aneonis
585 3793 705 3843 oratione
724 3792 900 3855 cohaereant,
919 3802 946 3844 et
964 3792 1033 3843 unde
1047 3792 1148 3843 Aetolo«

175 3893 234 3926 rum
251 3876 314 3928 fidei
336 3895 398 3944 erga
418 3880 550 3931 Romanos
573 3878 673 3929 mentio
699 3878 760 3939 fiat,
784 3877 890 3928 omnino
915 3895 968 3927 non
992 3876 1148 3943 intelligitur

176 3965 245 4011 Areo
260 3980 323 4015 vero
340 3962 420 4014 dicit:
435 3965 537 4015 etiamsi
553 3982 638 4014 sumus
661 3981 742 4030 aeque
759 3961 870 4011 subiecti
889 3973 916 4013 et
931 3980 1013 4029 aeque
1027 3963 1149 4015 coniunct

177 4062 236 4095 cum
248 4047 436 4099 Macedonibus
452 4059 530 4116 etque
543 4046 664 4099 Thessali
688 4047 842 4115 Aetolique,
870 4059 957 4103 tamen
970 4050 1099 4103 Romanis
1116 4068 1149 4100 no

178 4130 296 4185 videmur
308 4133 435 4187 maiorem
449 4134 526 4189 Iidem
542 4132 766 4190 etauctoritatem
792 4130 916 4196 habero,¹
926 4134 970 4202 qni
987 4153 1092 4205 semper
1109 4135 1148 4187 iai
