2648 4762
491 292 538 422 s,
581 341 655 424 Au,
699 340 790 405 lus.
1036 361 1043 375 ·
1112 345 1154 413 ss

166 497 222 547 tius
248 494 283 546 etl
301 495 328 546 h.
346 496 364 547 l.
391 497 449 549 Nos
474 491 532 555 uon
560 480 663 569 Syrien
689 493 747 549 her.
782 496 822 546 lte
841 512 918 564 saepe
933 497 1083 567 adiungitur
1098 519 1152 554 no-

163 582 281 633 minibus
305 581 439 648 gentium,
462 597 570 649 quarum
594 591 693 632 terram
717 580 818 649 aliquid
841 591 959 649 spectet,
987 595 1032 637 aut
1052 594 1152 655 tangat.

148 670 264 729 ,Caesar
279 671 308 718 B.
321 666 391 741 Gall.
406 665 438 731 1,
458 666 483 728 1,
503 662 528 715 5.
543 667 659 737 attingit
673 668 757 718 etiam
772 663 807 716 ab
823 666 960 737 Sequanis
973 676 1001 721 ct
1016 670 1154 728 Heluetiis
1207 680 1210 684 ’

159 753 274 824 flumen
300 748 438 807 Rhenum·
468 751 525 801 Liv.
541 747 592 814 24,
609 749 661 813 83,
687 749 712 801 8·
738 749 803 803 iude
826 757 900 802 terra
923 759 1046 825 marique
1067 758 1155 811 simul

167 848 288 907 coeptae
308 838 472 907 oppugnari
491 837 658 909 Syracusae,
682 845 755 886 terra
778 834 813 885 ab
832 835 1005 908 Hexapylo,
1030 846 1101 896 mari
1117 842 1153 896 ab

166 921 341 977 Achradina.
359 919 377 970 ἰ.
395 939 418 971 e.
437 938 468 972 ee
484 921 609 987 regione,
637 918 665 970 in
686 935 736 988 qua
752 920 917 992 Hexapylum
930 933 1008 992 porta
1020 959 1028 988 ,
1054 936 1082 976 et
1102 945 1153 996 qua

162 1007 318 1059 Achradina
336 1007 408 1056 urbis
426 1024 488 1075 pars
507 1007 558 1056 slta
577 1015 626 1056 est.

202 1092 261 1143 Lis.
282 1087 327 1157 45,
348 1088 393 1150 88,
408 1088 435 1143 3.
455 1089 512 1143 duo
536 1091 626 1142 maria
648 1084 839 1141 abaciacum
857 1095 921 1141 artu
936 1087 1009 1144 salis
1016 1088 1154 1160 finitima.

144 1174 233 1249 etin.
248 1176 360 1229 tussa.
378 1172 422 1239 38,
442 1174 469 1240 8,
488 1171 531 1226 43.
550 1173 626 1247 quod
647 1194 665 1225 a
687 1173 748 1227 sole
760 1168 826 1242 fuit
843 1177 872 1227 in
890 1173 935 1228 liis
954 1175 1054 1230 melius
1068 1196 1154 1251 quam

163 1259 245 1333 quod
256 1271 370 1313 στεπη.
391 1258 409 1308 i.
426 1277 449 1310 e.
467 1276 529 1327 pars
550 1259 600 1309 soli
618 1258 729 1309 obiecta.
754 1259 963 1327 Theophrastus,
985 1261 1057 1314 cuius
1074 1264 1155 1317 verba

164 1344 271 1398 Plinius
288 1343 376 1407 vertit,
397 1341 429 1395 de
451 1342 603 1412 Lepidibus.
622 1362 649 1412 p.
666 1340 691 1394 9.
708 1335 744 1395 eci
760 1336 818 1396 ἄνω
834 1337 905 1413 statie
923 1339 973 1400 ela
988 1339 1076 1418 ἥλιον.
1097 1348 1155 1400 Nos

164 1447 228 1484 von
252 1429 302 1483 der
326 1431 515 1483 Sonaenseite.
551 1432 637 1479 V'arro
656 1425 688 1479 de
703 1430 742 1479 Re
756 1431 832 1480 Rust.
851 1429 876 1493 1,
896 1428 922 1497 7,
940 1431 966 1483 2.
984 1434 1075 1486 miuus
1088 1427 1156 1505 offi-

167 1518 209 1570 cit
226 1513 309 1570 aliua
326 1514 379 1570 alii
391 1512 427 1567 ab
440 1512 517 1576 sole,
545 1511 614 1566 luna
632 1520 659 1565 et
674 1520 767 1568 vento.
786 1515 805 1564 i.
820 1531 843 1565 e.
860 1530 876 1566 a
895 1522 970 1583 parte
986 1515 1059 1582 solis,
1078 1516 1156 1570 lunae

169 1613 200 1654 et
210 1600 292 1652 venti.
310 1599 400 1652 Valet.
414 1600 484 1649 Max.
500 1596 533 1662 4,
558 1596 584 1649 8.
614 1600 674 1648 Eut.
692 1596 719 1649 4.
746 1599 856 1652 interim
871 1618 889 1658 a
907 1599 968 1653 sole
985 1599 1053 1656 acilii
1069 1599 1157 1657 uelim

173 1701 230 1737 non
242 1682 345 1738 obstes.
372 1685 461 1736 Livius
478 1685 502 1757 l,
517 1681 560 1746 33,
576 1676 602 1732 7.
620 1681 697 1735 haud
711 1701 831 1752 parcum
847 1682 1046 1738 munimentum
1061 1706 1078 1738 a
1093 1686 1157 1757 pla.

170 1767 298 1825 nioribus
316 1770 396 1822 aditu
421 1768 499 1822 locis.
535 1769 616 1819 Hirtii
631 1773 659 1819 Β.
675 1769 758 1820 Afric.
777 1769 820 1821 27.
848 1768 918 1842 quae
933 1772 1042 1841 primae
1056 1774 1157 1841 copiae

163 1854 278 1926 flunsen
302 1874 322 1907 a
344 1852 431 1908 Delta
455 1856 571 1908 transire
596 1863 624 1905 et
642 1853 813 1908 Mithridati
837 1844 976 1907 cucurrere
996 1865 1175 1925 potueruut„

166 1942 216 1993 ubi
230 1941 281 1992 elii
292 1941 369 1993 codd.
385 1941 423 1995 ad
441 1938 538 1993 Delta.
557 1940 652 1989 Caesar
670 1943 698 1991 B.
709 1941 778 1992 Gall.
791 1939 819 2004 8,
836 1935 880 2004 24,
895 1940 922 1992 2.
937 1938 973 1991 ab
994 1939 1158 1994 Decumatza

168 2036 276 2099 portae
304 2025 350 2077 ubi
380 2026 433 2079 vid.
455 2011 631 2094 Oudendorp(
641 2026 684 2092 qui
708 2034 797 2076 tamen
821 2025 856 2076 ad
878 2023 911 2089 7,
929 2023 980 2089 82,
1004 2023 1030 2077 8.
1053 2026 1157 2080 diversa

168 2112 293 2181 exempla
312 2111 441 2163 confudit.
475 2110 536 2163 vid.
546 2108 634 2170 ,etiam
650 2110 722 2161 Cort.
737 2110 771 2161 ad
787 2108 892 2160 Sallust.
909 2110 985 2161 catil.
1000 2108 1043 2176 58,
1063 2109 1089 2164 6.

204 2217 291 2267 Plaut.
307 2214 373 2289 (list.
395 2211 431 2275 4,
453 2212 486 2276 1,
505 2212 530 2264 7.
555 2228 620 2264 nam
639 2211 703 2265 hinc
729 2212 765 2265 ab
792 2216 866 2268 ostio
889 2213 1024 2268 iacentem
1047 2199 1166 2272 sustuli·x

168 2302 231 2377 ige.
250 2300 451 2362 sauciamus
468 2297 516 2350 der
541 2298 641 2352 Thttre.
657 2303 738 2349 Mero.
752 2300 778 2360 2,
789 2296 816 2361 4,
831 2298 856 2350 9.
875 2303 970 2354 omnia
984 2317 1036 2372 ego
1051 2301 1159 2355 isthaec

169 2385 333 2440 auscultavi
361 2381 396 2438 ab
421 2386 505 2436 ostio.
535 2382 588 2434 Cic.
609 2383 642 2434 de
664 2387 736 2433 Orat.
752 2384 778 2446 2,
796 2378 838 2446 68,
859 2383 919 2435 276.
940 2401 1023 2457 quum
1040 2384 1079 2438 ad
1092 2401 1161 2457 poe·

172 2472 236 2525 tam
252 2468 381 2525 Enniam
395 2471 532 2532 venisset,
559 2472 637 2541 eique
660 2468 695 2519 ab
712 2473 786 2521 ostio
808 2475 952 2540 quaerenti
968 2469 1095 2543 Ennium
1109 2492 1159 2524 aa.

173 2547 245 2611 ailla
261 2556 379 2610 dixisset
394 2565 443 2606 etc.
460 2553 530 2622 quod
544 2551 632 2622 paullo
650 2559 710 2621 post
724 2573 742 2604 a
758 2557 845 2606 ianua
860 2571 1003 2626 quaereres
1034 2556 1157 2612 Frontin-

171 2644 289 2709 Strateg.
306 2641 338 2701 1,
357 2636 383 2702 6,
402 2636 444 2689 10.
461 2641 583 2691 uniuersi
605 2654 623 2689 a
639 2637 727 2692 limite
744 2637 919 2693 obstiterunt.
937 2642 955 2691 i.
967 2659 991 2692 e.
1006 2650 1066 2691 ante
1082 2643 1159 2693 linti-

170 2734 245 2789 tem,
270 2725 312 2776 vel
339 2741 353 2775 e
376 2723 484 2791 regione
505 2723 606 2775 limitis.
642 2723 738 2774 Statius
754 2720 883 2788 Theul,
905 2723 945 2774 17.
962 2724 1160 2797 summisquea

170 2806 309 2882 pectilia}
326 2807 450 2862 obstant.
480 2809 498 2858 i.
516 2828 540 2859 e.
566 2806 600 2858 ad
617 2819 717 2876 postes.
752 2809 842 2860 Livius
859 2810 892 2873 1,
912 2807 960 2871 87,
979 2809 1005 2862 3.
1024 2812 1162 2882 utrimque

169 2893 211 2949 ab
238 2892 367 2948 comitas
389 2897 500 2964 positos
523 2918 560 2934 ·-
577 2895 619 2945 ita
641 2896 786 2952 incurrisse
803 2909 821 2946 a
836 2892 969 2946 lateribus
979 2891 1099 2964 ferunt,
1129 2906 1160 2947 ut

171 2996 235 3033 aon
249 2981 377 3032 sisterent
393 2974 477 3033 niodo
495 2977 615 3033 Sabinas
631 2977 755 3049 legiones
766 2989 816 3031 etc.
829 2978 918 3030 Celsus
931 2978 970 3044 3,
985 2979 1010 3030 6.
1025 2978 1061 3033 oh
1077 2996 1160 3053 quam

172 3080 303 3117 caussam
327 3062 448 3118 niediius
466 3084 553 3137 neque
568 3072 596 3119 ia
612 3062 748 3128 tenebris,
771 3079 861 3137 aeque
876 3068 1003 3137 cacapite
1018 3068 1098 3138 aegri
1113 3065 1159 3120 de·

172 3148 222 3202 bet
236 3148 365 3212 residere,
381 3149 432 3202 ted
447 3149 553 3203 illustri
568 3148 630 3201 loco
648 3151 780 3204 aduersus
796 3166 867 3205 eum.

209 3251 342 3318 Singulari
358 3253 437 3303 modo
454 3253 524 3303 haud
546 3252 677 3321 probabili
698 3256 821 3323 loquutus
839 3258 879 3306 est
895 3252 999 3305 Curtius
1013 3245 1047 3314 8,
1066 3244 1098 3316 ὅ,
1118 3246 1159 3303 15.

178 3332 216 3387 de
235 3331 379 3388 Alexandri
406 3338 514 3388 morbo:
546 3340 693 3408 inexperta
715 3340 837 3393 renzedia
865 3337 942 3390 laud
965 3338 1067 3393 iniuria
1090 3340 1160 3405 ipsis

172 3436 236 3473 csse
251 3431 396 3490 suspecta,
424 3437 507 3493 quum
525 3423 564 3473 ad
580 3427 728 3492 perniciem
747 3428 805 3480 cius
829 3427 915 3477 etlam
935 3441 953 3474 a
970 3416 1056 3474 latere
1070 3423 1159 3490 ipsius

175 3508 298 3575 pecunia
314 3503 473 3558 solicitaret
485 3504 586 3560 hostis.
605 3509 623 3559 i.
638 3525 661 3560 e·
682 3526 760 3578 quum
778 3510 873 3563 Dexius
893 3504 959 3559 adeo
976 3524 1021 3559 eos
1036 3505 1158 3556 solicita-

176 3598 229 3651 ret,
249 3589 294 3657 qui
319 3592 490 3643 versabantur
515 3609 531 3642 a
552 3593 635 3644 latere
658 3596 736 3660 regis.
770 3593 859 3648 Verba
872 3615 891 3646 a
908 3592 993 3663 latete
1008 3604 1055 3661 per
1068 3608 1095 3638 se
1113 3589 1158 3637 iu-

174 3674 334 3741 telliguntur
348 3676 427 3727 locali
442 3694 535 3739 sensu,
553 3696 637 3746 neque
655 3681 797 3732 admittunt
815 3680 1032 3749 supplementum,
1050 3672 1160 3725 Freins-

174 3758 354 3811 hemius-ait:
374 3776 418 3826 „a
445 3759 531 3812 latere
553 3762 580 3812 h.
600 3782 623 3814 e.
650 3765 693 3831 qui
716 3766 862 3817 circueunt
885 3758 1013 3834 ploximit
1045 3754 1159 3810 indecli-

176 3845 268 3895 nabile
294 3854 325 3895 ut
353 3864 368 3897 a
392 3859 491 3897 mauu
512 3864 561 3915 pro
579 3851 768 3900 amanuensis.“
805 3851 883 3914 Quod
900 3849 1003 3918 quidem
1020 3857 1074 3894 non
1093 3839 1160 3912 proi·

178 3928 306 3981 huverim.

194 4030 283 4094 Cum
306 4030 415 4096 verbis
441 4032 634 4120 opponendi
657 4036 873 4100 coniunctum
898 4032 968 4098 sere
997 3999 1160 4118 significat

126 4123 185 4179 ttm
198 4115 371 4184 adversum
391 4115 443 4184 vel
459 4140 502 4184 ex
515 4120 650 4186 adverso
667 4128 822 4208 positam·
920 4212 942 4281 4
