2618 4770
223 287 288 354 494
610 282 786 364 ..tTQvn
825 285 897 351 Aa.

292 440 331 494 X.
348 436 382 508 4,
403 439 446 494 22.
482 439 541 502 Quo
561 448 648 491 autem
673 439 755 492 modo
774 437 964 506 Gernhordus,
990 439 1172 496 Goerenzium
1188 461 1269 515 sequa·

292 539 352 591 tus,
370 526 399 576 in
417 524 544 577 eiusmodi
563 524 630 576 locis
654 541 758 577 sensum
773 524 918 576 constituat
935 543 984 594 per
1003 537 1032 580 et
1051 545 1139 593 sane,
1168 531 1271 600 equita·

294 631 349 665 non
366 611 509 680 perspicio.
530 611 583 662 vid.
609 628 669 661 eum
687 609 722 660 ad
743 610 798 661 Cic.
817 611 890 662 Lael.
907 603 936 681 p.
954 608 1014 665 145.
1034 613 1069 666 ad
1087 615 1147 666 Cat.
1165 634 1192 686 p.
1209 614 1248 668 96.

224 770 227 775 .
310 721 358 781 17.
381 711 796 778 Eodemmododicitu'rin
830 735 960 777 mesum
988 715 1093 780 tione.
1120 717 1271 806 Nampo·

223 803 316 870 nitur
329 817 450 877 ATQVE
466 800 500 861 in
518 799 689 861 sententiis
711 799 769 879 iis,
793 735 912 885 qffififfs‘
933 821 1035 884 niqui
1068 851 1078 878 ,
1114 805 1208 889 quod
1229 817 1272 870 eut

224 891 370 977 opponi,
394 895 449 949 aut
465 884 540 947 addi
556 885 682 970 possit,
707 887 947 970 praesumitur,
966 895 997 949 et
1017 887 1157 972 quidem
1178 914 1214 955 ea
1229 915 1295 956 ro·.

158 968 161 975 ¹
223 976 333 1051 tione,
356 991 419 1057 qua
435 972 468 1033 in
487 991 550 1033 una
575 991 614 1032 oo
640 969 784 1033 itationis
809 971 892 1035 serie
914 971 949 1034 id
971 992 1107 1057 quoque
1134 980 1275 1041 contine-

222 1072 297 1135 tur,
322 1056 413 1144 quod
432 1055 544 1141 dispar
559 1065 591 1118 et
629 1056 773 1119 ivensum
795 1056 953 1120 videatur.
998 1057 1169 1127 Rhetores
1193 1063 1275 1127 illum

157 1164 160 1171 ’
222 1145 367 1210 formam
391 1143 488 1206 etiam
507 1141 858 1225 praeoccupationem
884 1143 1071 1229 appellant,
1100 1148 1141 1211 in
1161 1170 1232 1234 qua
1254 1150 1276 1214 si

222 1233 330 1321 ipsam
349 1226 601 1315 oppositionem
620 1236 824 1312 spectamus,
851 1237 889 1291 at
906 1227 1065 1294 dicimus.

325 1351 433 1400 Terent.
453 1346 535 1398 Andr.
554 1342 639 1412 4,1‚
660 1344 703 1397 16.
728 1349 853 1418 ingeram
878 1347 955 1401 asaia
983 1349 1096 1403 multa?
1124 1361 1212 1423 atque
1230 1351 1276 1405 aii·

292 1439 354 1508 quis
375 1434 470 1496 dieat,
498 1430 541 1485 nil
558 1435 741 1500 promoveris.
777 1432 903 1494 Quinctil.
918 1436 983 1485 inst.
1001 1434 1034 1497 8,
1056 1435 1091 1501 8,
1111 1433 1139 1486 4.
1159 1457 1209 1490 nee
1226 1449 1276 1490 tam

293 1518 409 1575 insolita
429 1515 493 1569 laus
511 1526 582 1569 esset
598 1525 771 1586 prosequuta
790 1515 940 1584 dicentem,
966 1523 992 1573 si
1009 1524 1119 1574 usitata
1139 1533 1168 1575 et
1187 1528 1276 1576 ceteris

194 1636 197 1643 ·
290 1603 393 1661 similis
405 1598 515 1672 fuisset
533 1605 634 1654 oratio.
673 1603 765 1671 Atque
786 1619 838 1672 ego
860 1602 928 1656 iilos
947 1604 1044 1669 oredo,
1073 1610 1127 1678 qui
1154 1608 1274 1671 aderant,

290 1712 341 1745 nea
357 1692 492 1752 sensisse,
512 1685 580 1758 quid
593 1682 725 1756 facerent
747 1697 796 1738 etc.
826 1687 845 1738 i.
864 1707 887 1740 e.
904 1708 960 1740 nun
982 1690 1087 1761 glouba
1110 1690 1166 1744 iah.
1194 1692 1272 1758 ias,

294 1780 337 1831 20.
362 1787 447 1846 atqua
465 1789 517 1842 ego
538 1770 584 1855 illi
601 1775 782 1842 praeceptori.
797 1801 830 1812 -
848 1773 954 1827 credidi
970 1793 1026 1826 non
1045 1765 1079 1829 aa
1097 1776 1165 1829 sola
1184 1777 1274 1831 docea-

290 1864 424 1923 deesse,
446 1857 484 1911 ad
503 1858 573 1926 qaae
598 1876 731 1928 quomque
750 1856 952 1928 discipulorum
970 1869 1072 1914 natura
1090 1868 1272 1934 compositum
1306 1924 1308 1933 Ι

290 1947 407 2002 videret.
442 1941 611 2015 Spaldingius
640 1943 834 2011 oppositionem
863 1945 975 2014 exprimi
999 1946 1084 1997 voluit
1107 1965 1159 2016 per
1182 1951 1272 2018 atqui:

289 2031 433 2085 Frotscher
450 2029 583 2082 revocavit
603 2037 703 2098 atquo,
728 2046 780 2096 quo
800 2029 994 2091 Quinctilianos
1013 2031 1116 2082 indicat
1136 2033 1181 2095 id,
1210 2033 1270 2102 qood

291 2116 454 2170 contrarium
471 2112 557 2166 videri
575 2121 684 2182 posset,
707 2113 840 2166 contineri
858 2133 910 2166 una
927 2117 1098 2186 cogitationis
1111 2119 1204 2184 seme,
1229 2138 1269 2171 nec

290 2205 346 2255 sine
364 2200 467 2253 ratione
485 2199 584 2251 dictum
603 2216 668 2249 esse.

131 2361 133 2364 ⁴
214 2327 216 2331 ·
307 2308 357 2368 18.
395 2303 479 2366 Hine
503 2300 693 2388 saepissime
716 2299 838 2388 legitur
862 2303 897 2367 in
922 2301 1077 2387 fprmulis
1110 2331 1153 2372 ne
1177 2308 1265 2387 ativis,

222 2389 340 2478 quibus
358 2386 410 2465 id,
434 2385 526 2477 quod
545 2385 713 2475 offendere
730 2397 785 2450 aut
809 2381 1013 2476 obloqueniii
1042 2389 1264 2480 argumenium

220 2473 434 2564 suppeditato
466 2495 568 2560 posse
598 2472 748 2549 videtur,
782 2476 1261 2564 anteotcttpnndssfflleiur·

221 2561 328 2648 Vulgo
361 2570 541 2623 nonreete
563 2557 733 2646 interponi
755 2559 840 2623 solet
863 2583 1006 2628 comma.
1050 2563 1163 2654 Saepe¹
1179 2569 1262 2632 etium

218 2648 340 2714 dicitur
354 2655 455 2730 atque
469 2645 517 2723 ai,
544 2644 584 2709 de
601 2666 667 2732 quo
684 2655 810 2730 postea.

334 2767 389 2821 Cic.
408 2763 477 2816 Phil.
495 2763 528 2824 8,
546 2763 580 2824 9,
601 2763 646 2816 24.
664 2784 698 2815 aa
724 2767 836 2819 nesius
862 2763 960 2821 caussa
985 2767 1129 2824 videretur
1148 2771 1262 2832 edixisse,

289 2863 341 2905 etc.
376 2847 831 2914 DeFiu.bon.2,85,118.ae
854 2871 892 2904 aa
916 2851 1002 2925 plura
1027 2854 1262 2925 complectenti&
1305 2896 1307 2907 .

220 2956 223 2965 ·
288 2936 450 2989 Goerenzius
471 2933 542 2984 haud
563 2933 630 2985 bene
652 2935 766 3003 explicat
792 2947 821 2989 et
841 2956 917 2991 sane.
953 2939 1099 3003 Celsus8,
1119 2941 1145 2992 1.
1169 2962 1193 3012 p.
1213 2939 1261 2993 505.
1304 2948 1307 3007 4

286 3042 321 3075 aa
348 3041 381 3074 ne
406 3019 519 3088 saepius
544 3017 692 3082 dicendum
717 3022 763 3072 sit.
799 3024 891 3073 Horat.
916 3024 1000 3091 Epist.
1021 3024 1054 3089 1,
1074 3025 1105 3090 l,
1127 3026 1169 3080 13.
1189 3047 1219 3079 ac
1234 3046 1261 3078 aa
1305 3022 1307 3071 i

281 3102 367 3178 forta
383 3105 557 3176 roges,'quo
577 3121 619 3155 me
639 3103 723 3165 duee,
753 3124 806 3177 quo
827 3105 886 3159 lare
904 3119 985 3180 tuter.
1011 3111 1043 3175 2,
1064 3111 1097 3175 1,
1113 3112 1174 3164 208.
1193 3132 1262 3165 aeae

279 3188 365 3264 sorta
387 3201 480 3261 putes.
517 3190 594 3241 ovid.
613 3191 687 3240 Rem.
708 3208 757 3243 um.
776 3189 836 3244 465.
874 3193 927 3244 Cic.
945 3194 978 3246 de
996 3200 1069 3246 Orat.
1087 3195 1120 3259 2,
1143 3195 1193 3259 46,
1212 3196 1260 3249 191.

284 3296 318 3330 aa
337 3295 371 3328 ue
386 3270 471 3344 forte
486 3275 538 3330 hoe
559 3293 691 3348 magnum
712 3296 745 3329 ac
761 3274 888 3329 mirabile
907 3295 965 3332 esse
983 3279 1121 3333 videatur.
1150 3282 1182 3333 ad
1201 3284 1260 3334 Fam.

283 3357 455 3427 ⁵‚1s,so.

302 3466 353 3527 19.
387 3462 453 3526 Sed
470 3460 503 3526 id
522 3462 620 3526 etiem
639 3459 834 3555 affirmati-vo
851 3465 1011 3553 sententia
1028 3464 1187 3554 efficitur,
1209 3488 1263 3558 qua

197 3546 352 3634 ,aliquod
369 3547 543 3611 consilium
564 3558 620 3610 aut
632 3544 745 3636 eisqui
759 3542 882 3636 opinio
884 3543 1127 3637 piu'e‘iutnitur.

318 3668 374 3720 Cic.
391 3686 416 3736 p.
435 3669 505 3736 Lege
525 3670 596 3718 Man.
619 3666 654 3731 8,
671 3669 715 3720 20.
736 3681 822 3741 atquo
844 3681 874 3722 ut
899 3688 993 3724 oannes
1022 3671 1203 3746 intelligant,
1228 3692 1264 3727 me

284 3751 323 3806 L.
344 3750 470 3805 Lucullo
490 3762 599 3805 tantum
621 3755 763 3823 impertire
781 3754 888 3820 laudis,
917 3768 1051 3828 qnantum
1063 3755 1145 3826 forti
1162 3764 1220 3814 vira
1239 3770 1265 3814 et

285 3835 492 3905 sapientissimo
508 3834 615 3891 homini
628 3849 656 3890 et
670 3858 772 3911 magno
791 3838 953 3911 imperatori
971 3839 1121 3896 debeaturt
1141 3846 1204 3899 dico
1218 3856 1264 3897 eta.

299 3940 353 4001 20.
385 3936 558 4004 Interdum
583 3941 693 4005 oratio
719 3945 937 4033 QUQQWR
955 3953 1015 4035 pen
1034 3945 1115 4037 sed
1142 3960 1265 4022 tamea,

214 4028 342 4085 autem.
388 4024 499 4103 Quare
515 4048 585 4091 non
602 4028 755 4105 deerunt,
778 4020 836 4113 qui
850 4020 931 4094 adeo
950 4038 1152 4113 existiment,
1171 4047 1209 4098 ot
1230 4056 1267 4098 ue

214 4103 441 4211 mmm
461 4113 626 4199 usurpari.
670 4108 713 4178 Et
732 4121 809 4178 sunt
832 4114 917 4201 loci,
950 4115 1129 4202 inquibus
1159 4121 1267 4208 ipsum
