2618 4770
1050 309 1113 381 aa
1139 368 1164 401 ¹.

62 472 312 537 enumeratione
336 477 536 559 usurpatur,
560 473 592 531 et
605 475 643 528 ut
662 462 753 528 valde
772 462 882 529 differt
902 464 942 530 ab
967 474 1057 548 aut,
1069 465 1115 532 ita

61 579 132 622 non
152 565 261 644 potest
277 555 363 619 idem
380 577 448 619 esse
465 576 539 617 eum
559 557 625 617 et.“
653 546 721 614 lam
738 571 815 615 vero
832 554 1017 638 quaeritur,
1036 552 1115 639 quid

61 643 144 708 illud
163 644 202 706 sit
216 685 226 719 ,
251 640 341 729 quod
364 638 481 704 similia
508 647 708 723 componat,
733 658 792 699 nec
817 648 927 703 tamen
955 639 1050 703 idem
1067 639 1141 703 si·'

62 723 197 817 gnifieel
214 728 305 815 quod
328 733 372 792 et.
415 727 483 790 Nec
508 725 624 788 melius
643 720 886 787 Lindemannus
909 724 949 788 de
971 722 1113 797 Adverb.

30 861 33 864 -
59 839 97 903 p.
107 816 137 878 8.
148 824 210 876 ait:
238 825 320 893 „aut
332 813 487 899 opposita
497 818 623 874 lantum
637 808 802 895 disiungit,
813 809 984 873 velantem
996 809 1123 895 similia,

10 901 13 911 '
57 900 219 964 discernit
232 910 259 962 et
273 896 640 985 oppositaconiungit.“
658 892 741 990 Nam
754 916 821 979 quo
832 896 1060 960 eodemmodo
1070 896 1116 959 si-

61 985 156 1050 milia
174 984 402 1068 discernantur
426 992 456 1046 et
481 980 636 1068 opposita
661 991 920 1067 coniungantur,
945 983 978 1046 id
998 1003 1058 1068 per
1079 1003 1115 1046 se
1142 990 1148 1041 s
1179 1053 1184 1059 ,
1217 972 1238 989 ”

60 1093 132 1134 non
158 1074 258 1157 patet.
303 1067 543 1133 Ramshornius
568 1075 605 1129 ut
626 1063 785 1128 rationein
811 1066 960 1139 adderet,
984 1070 1014 1151 §0
1040 1070 1113 1131 180.

60 1157 191 1229 statuit,
215 1173 274 1244 per
290 1167 351 1225 orit
375 1154 532 1225 alterum,
559 1151 648 1237 quod
669 1150 807 1225 dicitur,
834 1152 873 1216 ab
893 1153 996 1216 altero
1013 1175 1115 1240 pror-

61 1263 119 1307 sus
145 1242 216 1304 tolli
243 1251 275 1304 et
298 1238 445 1314 excludi,
477 1235 534 1301 sed
562 1261 602 1301 ex
628 1247 719 1322 parte
741 1246 869 1301 tantum
893 1261 954 1325 per
982 1239 1050 1303 vel:
1082 1248 1115 1301 et

61 1328 238 1412 Zumptius
255 1323 285 1405 §0
303 1330 376 1389 336.
393 1345 454 1410 per
473 1332 533 1387 out
549 1320 766 1386 differentiam
791 1345 901 1386 rerum
926 1325 1029 1411 magis
1055 1324 1116 1387 de·
1209 1370 1212 1375 -

62 1413 179 1476 clarori
201 1432 299 1497 quam
319 1433 378 1496 per
395 1410 455 1474 sel.
501 1409 629 1490 Quibus
653 1405 806 1470 omnibus
822 1429 940 1494 parurn
958 1420 1012 1473 aut
1030 1409 1116 1493 nihil

62 1497 207 1561 eflicitur
234 1498 266 1559 in
288 1496 401 1559 haere
426 1494 639 1580 exploranda.
681 1493 860 1578 Aliquanto
887 1495 1059 1559 subtiliora
1078 1518 1116 1560 ea

63 1594 152 1654 sunt,
173 1605 254 1668 quae
271 1581 583 1666 AugGrotel'endus
602 1581 634 1643 in
647 1579 874 1642 Comnrentar·
893 1602 926 1665 p.
946 1584 1018 1645 152.
1036 1602 1116 1665 pro·

62 1671 195 1758 posuit,
223 1671 254 1732 in
274 1690 312 1731 eo
328 1679 436 1730 tamen
460 1664 578 1737 falsus,
608 1664 699 1751 quod
726 1666 904 1750 particulae
927 1666 979 1729 sel
1001 1665 1116 1730 tribuit

63 1757 226 1819 diversam
251 1756 335 1830 rim,
367 1775 431 1838 qua
458 1750 618 1816 eomodo
643 1757 839 1836 utrumque,
870 1752 966 1836 quod
985 1749 1115 1830 dicitur,

32 1891 38 1901 ,
64 1839 217 1904 obtinere
240 1839 290 1901 vel
318 1838 465 1902 obtinere
494 1860 593 1924 posse
620 1837 796 1913 concedat,
835 1836 939 1900 modo
972 1860 1009 1914 re
1038 1859 1115 1901 vera

63 1926 246 2011 disiungat,
265 1944 327 2010 pro
343 1922 412 1988 sive
427 1926 544 2006 posita.
570 1923 685 2010 Neque
700 1923 1134 2001 necessitasdistinctionis,,

65 2033 165 2096 quam
188 2009 399 2074 doctissimus
420 2010 474 2074 ille
490 2010 539 2073 rir
552 2007 637 2072 bene
652 2009 817 2094 cognovit,
837 2011 1025 2073 continetur
1040 2008 1115 2095 ipso
1189 2050 1193 2065 .

63 2092 229 2161 voeahnlo
249 2106 321 2174 urit,
344 2119 405 2160 nee
422 2118 523 2182 quum
535 2096 649 2159 Cicero
669 2096 761 2159 Orat.
780 2100 810 2173 1,
825 2094 856 2157 4.
875 2095 931 2175 ait,
953 2097 990 2158 in
1000 2094 1117 2181 poetis

63 2206 132 2247 non
155 2180 303 2245 Homero
325 2180 391 2244 sol‘
418 2182 510 2245 locris
537 2193 604 2259 est,
636 2194 697 2244 aut
719 2180 941 2254 Archimede,
965 2193 1028 2244 aar
1049 2180 1117 2243 So-

57 2267 189 2355 phocli,
215 2278 276 2330 aut
295 2266 467 2344 Pindaro,
489 2266 550 2330 sed
564 2268 685 2330 lterum
700 2266 758 2330 vel
770 2266 927 2331 scorzadis
943 2265 1117 2330 ueletiam

65 2351 163 2440 infra
193 2351 368 2416 sectandos.
391 2352 594 2440 intelligitur
622 2374 709 2416 unus.
730 2350 913 2431 Homerus,
943 2361 998 2415 aut
1028 2371 1115 2415 unus

66 2437 297 2514 Archilochus,
314 2439 458 2523 reliquis,
480 2439 536 2522 qui
552 2439 779 2518 nominantur,
795 2438 955 2525 exclusis,
968 2436 1025 2501 sed
1047 2439 1117 2500 Ho-
1179 2500 1181 2505 .

66 2544 177 2589 merus
194 2534 225 2586 et
244 2522 461 2593 Archilochus
480 2534 511 2587 et
531 2522 715 2610 Sophocles
740 2534 958 2610 opponuntur
982 2523 1116 2608 reliquis

66 2607 235 2690 secundis,
274 2608 414 2695 illosque
444 2631 580 2685 omnes,
616 2617 787 2694 tamquam
818 2609 1116 2695 praestantissimos
1147 2652 1150 2659 ·
1209 2657 1211 2663 ,

45 2705 203 2782 poetas,
241 2694 331 2758 iuxta
355 2696 483 2783 positos
507 2705 545 2758 ut
571 2705 744 2781 putemus,
778 2695 869 2780 quod
894 2692 1117 2759 Grotelendus
1204 2720 1207 2725 ·
1305 2726 1306 2733 ¹

66 2781 245 2869 proprium
278 2781 394 2845 tribuit
424 2780 604 2868 particulae
628 2780 694 2856 vel,
727 2780 760 2843 id
784 2781 893 2867 ipsum
919 2779 1118 2845 vocabulum

65 2866 344 2931 lterumindieat.
384 2867 465 2930 Prae
484 2868 599 2930 ceteris
624 2889 696 2931 rem
719 2874 811 2930 acute
834 2866 1042 2952 perspexisse
1066 2868 1117 2930 vi·

66 2953 163 3016 detur
177 2951 409 3017 Lachmannus
428 2953 466 3016 ad
484 2955 635 3038 Propert.
652 2957 691 3028 4,
718 2958 780 3040 2¹s
805 2956 857 3029 25.
877 2950 933 3015 uhi
948 2973 1031 3038 quae
1044 2950 1117 3015 dis-

65 3040 209 3126 putarit,
228 3058 302 3101 eum
322 3039 377 3118 iis,
403 3060 485 3126 quae
507 3060 596 3102 nune
613 3061 797 3124 exponam,
822 3034 949 3102 censer.

21 3190 23 3195 ,
149 3124 333 3188 Disiunctio
359 3149 394 3188 ea
418 3136 466 3188 est
491 3125 725 3188 enuntiationis
748 3122 963 3209 forma,.qua
988 3122 1117 3189 diverso

66 3218 155 3274 etex
171 3210 307 3272 adverso
331 3211 440 3296 posita
466 3209 797 3298 comprehenduntur
820 3231 885 3273 una
908 3209 1037 3273 ratione
1060 3209 1115 3287 ita,

65 3304 103 3358 ut
119 3296 374 3361 alterumutrum
392 3297 541 3360 obtineat
563 3295 687 3359 locuma
731 3296 818 3359 Haec
840 3317 919 3360 vero
948 3293 1117 3358 diversitas

67 3390 123 3444 aut
140 3382 174 3443 in
189 3378 266 3467 ipsis
281 3381 379 3444 rebus
398 3390 548 3468 apparet,
574 3392 604 3444 et
621 3404 671 3445 res
689 3381 840 3447 dieantur
855 3403 912 3444 sua
928 3390 1043 3446 natura
1062 3379 1117 3442 di·

66 3477 173 3545 stare,
195 3477 250 3530 aut
274 3468 472 3553 cogitatione
506 3466 643 3553 ponitur
677 3489 764 3544 esse,
797 3467 922 3533 etiamsi
952 3467 987 3528 in
1018 3464 1116 3527 rebus

65 3552 147 3638 ipsis
164 3575 232 3615 non
251 3552 375 3628 obstet,
400 3576 460 3617 nee
478 3555 519 3616 in¹
536 3551 616 3632 hac,
641 3574 742 3638 quam
764 3554 941 3641 ponimus,
971 3549 1118 3613 diversa·-

65 3658 143 3701 rum
168 3638 341 3702 notionum
367 3639 602 3702 coniunctione
629 3638 743 3704 valeat.
793 3639 888 3703 lllam
910 3634 1121 3722 appellamus·
1158 3654 1162 3667 ·

31 3801 32 3805 ¹
68 3723 324 3788 disiunctionem
344 3726 443 3789 nebus
463 3723 710 3807 inhaerentem,
739 3727 805 3789 sive
830 3745 904 3786 cum
926 3720 1042 3807 logicis
1063 3741 1119 3784 as-

66 3810 259 3890 sertoriam,
281 3810 367 3874 hanc
384 3811 615 3898 aeogitatione
637 3810 778 3889 factam,
806 3808 874 3872 sive
898 3807 1118 3894 problemati-

67 3917 152 3957 cam.
195 3895 255 3958 Illa
272 3917 374 3981 quum
393 3900 499 3983 ipsam
516 3920 586 3961 rem
603 3896 763 3962 diversam
778 3903 810 3957 et
826 3893 1024 3958 contrariam
1041 3902 1117 3955 ante

67 3981 183 4044 oculos
204 3990 324 4067 ponat,
352 3983 470 4047 maiori
490 3983 523 4048 vi
548 3984 737 4068 distinguit,
760 3980 840 4044 haec
864 3999 968 4066 quum
991 3978 1119 4065 cogita·
1195 4002 1197 4006 ·

65 4069 159 4131 tione
177 4076 307 4132 tantum
324 4067 450 4132 diversa
467 4077 626 4157 apponat,
648 4089 718 4132 non
736 4065 840 4130 modo
857 4068 926 4134 nort
942 4074 1059 4149 negat,
1081 4083 1120 4128 eu

65 4152 102 4247 in
124 4149 195 4242 ipsa
216 4177 255 4220 re
280 4155 475 4237 convenire,
505 4155 563 4221 sed
586 4175 671 4242 quae
694 4150 837 4244 disparia
850 4151 1041 4234 videantur,
1062 4146 1118 4213 lo-

353 4391 398 4457 35‘
408 4445 414 4456 .
