2618 4770
293 264 324 303 l
405 236 408 259 ι

126 317 191 380 909
610 305 682 373 AN.

210 470 242 530 8.
270 458 309 529 In
324 460 385 527 heo
402 458 545 525 dictione
568 482 616 526 an
633 458 801 526 interdum
823 458 985 548 proxime
999 462 1121 531 aceede
1132 464 1179 531 nd:

126 549 397 637 significationem
420 547 598 611 verborum
618 557 680 611 aut
701 555 733 611 et
754 547 843 627 aiae,
864 549 1054 617 minutazet
1076 556 1179 641 pror:

126 657 180 699 sus
198 645 353 722 exempta
365 632 397 696 vi
412 631 634 696 dubitationis.
680 631 790 713 Quare
811 635 1016 700 recentiores
1026 628 1159 729 abripit·

125 740 179 786 rea
218 729 250 786 et
276 743 323 784 aa
352 738 429 781 oum
461 739 534 780 voe.
561 717 630 781 aire
659 722 941 803 composuerunt,
979 730 1014 785 et
1034 721 1074 785 iii
1097 745 1157 787 aen-

75 844 79 851 »
125 807 236 871 tentiis
258 801 532 868 conditionalibus
553 801 636 900 illud
650 801 761 900 ipsum
782 825 847 890 pro
865 805 935 870 rire
953 811 1154 895 usurparunt:

126 891 222 956 sicuti
242 895 360 977 poetae
383 889 482 951 etiam
509 887 544 950 in
568 908 675 975 puori
700 889 879 954 sententiae
906 900 1001 977 parte
1025 890 1059 957 ai
1080 892 1153 958 dixe·

124 987 205 1041 runt
222 990 298 1039 cum
320 971 556 1061 significatione
580 972 756 1038 dubitativa
779 996 844 1060 pro
866 987 994 1040 utrum.
1039 976 1151 1043 Cicero·

125 1065 176 1125 nis
203 1060 326 1124 scilicet
352 1078 431 1122 usus
463 1058 625 1122 eiusmodi
652 1059 842 1146 exemplum
868 1061 926 1126 vix
946 1080 1055 1125 unum
1075 1061 1151 1127 baba

126 1145 270 1225 eertum,
292 1155 404 1208 tamen
420 1144 560 1207 omuino
575 1163 652 1208 eum
670 1166 788 1231 negare
808 1156 878 1208 non
895 1147 1019 1210 anaim:
1050 1145 1084 1210 in
1099 1148 1148 1217 aiio
1160 1140 1170 1217 ’,

125 1229 340 1318 scriptoribus
356 1229 568 1378 rpperiuntur
582 1229 705 1309 multa,
723 1251 785 1294 neo
803 1251 914 1295 caussa
934 1239 1023 1311 erat,
1045 1252 1099 1295 our
1111 1228 1145 1297 lo.

124 1316 230 1383 Hillus
250 1314 377 1379 unum'
403 1315 524 1379 acitum
543 1313 641 1377 etiam
658 1313 724 1378 boe
740 1315 879 1380 nomine
902 1314 1145 1404 reprehenderet

124 1401 201 1470 vid.
228 1400 369 1466 Palmeri
388 1399 542 1488 Spicileg.
563 1420 597 1485 p.
617 1399 691 1463 641.
708 1400 839 1465 Gruter.
856 1399 958 1466 Thes.
976 1401 1021 1467 Τ.
1035 1402 1068 1466 4.
1106 1480 1108 1487 k

226 1524 312 1575 Varro
330 1519 363 1574 de
384 1520 414 1573 L.
432 1522 462 1571 L.
479 1519 513 1582 8,
530 1517 573 1571 61.
588 1518 667 1572 modo
686 1520 795 1571 allatus:
815 1517 890 1592 qaod
908 1522 964 1586 sit,
984 1538 1022 1575 an
1039 1506 1164 1582 nona?

193 1603 237 1661 ltil
255 1617 410 1661 commovet
426 1604 601 1676 analogiam.
632 1602 651 1660 i.
671 1623 694 1660 e.
722 1605 777 1657 aive
793 1605 844 1669 ait,
869 1605 923 1658 sire
941 1623 995 1661 uon
1016 1602 1059 1657 ait.
1092 1606 1143 1663 odd

192 1696 268 1750 Rem.
286 1711 336 1745 am.
353 1691 413 1745 797.
441 1691 571 1744 Daunias
595 1709 632 1742 an
656 1688 779 1761 Libyeis
802 1687 902 1743 balbas
928 1688 980 1744 tibi
1008 1695 1101 1745 missas
1119 1689 1142 1744 al

194 1782 267 1842 oris,
283 1798 320 1830 an
337 1780 433 1830 veniat
449 1777 599 1846 Megaris,
624 1776 725 1827 noxias
747 1778 837 1830 onmis
854 1778 916 1830 erit.
948 1772 981 1826 In
1005 1774 1081 1829 statii
1101 1776 1143 1830 dib.

192 1862 223 1927 1,
241 1861 275 1926 8,
292 1860 337 1914 40.
357 1881 405 1931 per
428 1882 466 1917 an
490 1859 644 1930 exprimitur
667 1859 812 1925 sententia,
834 1875 902 1929 qnae
921 1869 1002 1913 autea
1020 1878 1047 1914 v.
1058 1858 1099 1915 84.
1110 1877 1142 1931 pu

190 1965 225 2001 ve
242 1947 313 1998 diota
330 1957 396 1997 erat.
1070 1966 1073 1971 ·

224 2049 310 2106 Tacit.
327 2052 377 2102 An.
406 2047 456 2112 11,
480 2046 524 2103 86.
551 2066 634 2121 quanm
659 2043 789 2118 abrumpi
812 2043 1064 2105 dissimulationem
1081 2049 1142 2103 stiam

193 2134 295 2196 Silius,
322 2137 382 2193 sive
398 2128 497 2203 fatali
513 2133 668 2198 vecordias
694 2152 732 2186 an
760 2133 958 2186 imminentiam
982 2134 1143 2205 periculorum

189 2217 337 2272 remedium
357 2221 419 2288 ipsa
437 2206 561 2287 perieala
577 2229 655 2271 ratas
680 2216 805 2291 urgebat.
838 2214 888 2281 14,
907 2214 951 2269 59.
977 2221 1038 2292 sive
1060 2215 1143 2271 nullan

191 2323 274 2373 opem
298 2301 480 2374 praevidebat
507 2305 616 2357 inermis
644 2315 728 2376 atque
760 2301 856 2367 exsul,
888 2293 937 2356 sea
960 2301 1057 2357 taedio
1079 2299 1143 2355 aili-

188 2408 262 2460 gnae
279 2391 355 2457 spei,
384 2407 421 2440 an
445 2405 540 2441 amore
561 2391 687 2458 coniugis
706 2399 735 2442 et
754 2385 910 2442 liberorum.
944 2389 1039 2461 Neque
1063 2384 1142 2443 Bnlilio,
1167 2382 1174 2443 ζ

185 2483 217 2523 ut
241 2472 361 2524 Tacitum
387 2473 558 2538 defenderet,
586 2490 651 2540 opus
679 2481 737 2523 erat
761 2472 966 2534 dubitationem,
995 2489 1060 2539 quae
1082 2471 1144 2522 inan
1174 2482 1179 2545 ,t

189 2557 273 2608 maior
298 2568 383 2622 esset,
410 2575 505 2625 negare
531 2559 559 2610 in
581 2557 709 2611 vocabulo
735 2560 802 2610 sive.
836 2559 884 2607 Est
909 2572 973 2608 vero
999 2559 1059 2610 sive
1076 2571 1144 2606 -an
1177 2548 1179 2555 ’

190 2642 260 2694 idem
278 2643 347 2711 qaod
364 2645 424 2697 sive
440 2670 475 2685 -
493 2643 552 2699 sive
573 2645 678 2713 potins.
713 2639 788 2694 Orid.
811 2640 883 2695 Faat.
898 2637 933 2707 8,
953 2635 1015 2694 778.
1034 2637 1144 2710 ex'dipiunt

191 2744 219 2778 ee
245 2730 304 2780 sive
327 2754 362 2769 -
384 2730 443 2783 sive
468 2738 535 2802 quta
558 2755 592 2769 -
621 2727 681 2781 sive
704 2753 738 2806 '¹'.
764 2745 803 2780 an
829 2727 903 2800 qaia.
939 2727 1020 2782 Conf.
1045 2720 1145 2795 1,-stt

185 2813 220 2878 8,
250 2811 308 2866 281.

220 2916 296 2967 ovid.
323 2918 394 2970 Fast.
419 2915 452 2980 4,
480 2915 542 2970 487.
568 2933 692 2989 unaque,
721 2923 863 2986 pastorem
885 2911 1021 2981 vidisset,
1040 2935 1078 2970 an
1095 2926 1149 2969 anot

186 3000 338 3065 colentem,
356 3019 414 3054 vox
433 3013 501 3056 erat.
536 3003 555 3054 i.
573 3021 597 3057 e.
618 3004 640 3054 si
662 3002 772 3055 vidisset
791 3009 922 3076 pastorem
938 3001 994 3053 sive
1012 3003 1152 3069 agricolani.

184 3079 218 3147 4,
237 3082 263 3134 7.
279 3089 389 3139 sancius
406 3098 456 3139 aat
473 3100 573 3153 aanor,
592 3085 726 3159 namquid
745 3089 894 3155 consigna
915 3084 1043 3156 reliqui?
1068 3088 1156 3140 melio·

134 3168 137 3176 '
184 3186 228 3220 rea
253 3168 317 3220 libri
344 3190 382 3222 an
407 3190 501 3224 sanas.
534 3172 632 3224 Tibull.
647 3169 681 3233 8,
704 3171 718 3223 1
732 3205 740 3236 ,
760 3171 802 3225 19.
828 3170 881 3225 illa
907 3168 975 3224 milti
992 3162 1162 3241 ,referenti

183 3255 274 3307 nostri
291 3232 386 3308 malua
404 3277 468 3309 rara
486 3266 548 3319 est,
567 3275 605 3308 an
625 3257 724 3319 minor,
742 3275 780 3309 an
797 3265 858 3308 toto
875 3265 988 3324 pectore
1006 3255 1166 3311 deciderim·

218 3364 291 3418 Vnus
309 3375 349 3416 est
365 3365 438 3417 locus
456 3366 591 3417 Ciceronis
609 3364 643 3417 de
659 3367 726 3434 Rep.
753 3366 785 3430 1,
807 3366 847 3418 18.
876 3364 940 3419 tlein
966 3384 1051 3438 queam
1077 3364 1174 3423 essent

180 3452 322 3520 perpauca
340 3452 411 3502 inter
430 3468 459 3504 se
479 3469 532 3503 ano
554 3470 591 3503 an
609 3449 699 3503 altero
727 3453 821 3520 spatio
841 3449 1008 3521 eplloqauti.
1044 3455 1174 3507 Moseru³

181 3535 417 3602 argumentationi,
443 3553 493 3603 qua
512 3538 597 3586 Maius
614 3553 675 3586 usus
696 3544 751 3599 est,
779 3535 902 3586 diffidens
926 3534 1052 3587 audacter
1072 3551 1177 3607 corre?

181 3619 223 3670 xit
240 3625 297 3674 aat.
316 3622 412 3672 Tamen
434 3618 509 3670 Orid.
528 3620 599 3671 Fest.
617 3620 643 3686 2,
660 3618 721 3672 894.
740 3637 775 3672 ex
795 3618 854 3674 illis
872 3634 941 3671 nnus
961 3636 998 3669 aa
1009 3617 1096 3674 'alter
1113 3608 1175 3676 ait.

179 3704 266 3753 Attius
284 3703 312 3753 in
331 3706 395 3754 Ione
417 3704 486 3772 apud
504 3703 631 3756 Priscian.
655 3703 681 3760 6.
699 3723 725 3772 p.
745 3702 805 3754 677.
831 3722 866 3756 ex
889 3705 1036 3771 taurigeno
1061 3709 1178 3760 semino

180 3797 271 3839 ortam
288 3783 378 3855 faisse
397 3808 434 3840 an
457 3788 577 3839 biaurano
604 3805 673 3840 eam.
708 3788 811 3839 Sallust.
837 3789 906 3856 apud
936 3776 1009 3850 Sery.
1032 3788 1171 3841 'Fuldenm

136 3936 139 3942 Α
179 3869 214 3919 ad
230 3871 325 3938 Virgil.
346 3876 408 3924 Aen.
430 3871 463 3932 1.
484 3871 544 3925 329.
573 3886 717 3942 perrexere
744 3876 772 3933 in
804 3873 974 3942 Hispaniam
999 3890 1039 3923 an
1066 3873 1170 3928 Sardi·

179 3956 265 4006 niam.
298 3959 333 4006 Et
350 3958 463 4007 fortasse
480 3957 531 4008 huc
548 3959 664 4026 pertinet
681 3956 764 4020 iilud,
793 3957 865 4024 qaod
890 3974 922 4008 ex
946 3956 1032 4023 Epist.
1051 3954 1093 4008 'ad
1110 3952 1166 4012 att'.

177 4037 228 4100 10,
255 4039 296 4093 10.
326 4043 402 4093 attuli
430 4059 457 4110 p.
482 4041 544 4094 801.
580 4043 649 4096 Piiu.
670 4045 717 4110 Ep.
741 4039 775 4108 6,
795 4039 844 4105 18,
861 4039 887 4092 5.
914 4039 1024 4093 Acilius
1052 4052 1166 4096 tantam

97 4142 100 4147 ¹
180 4119 278 4194 Rufus
297 4136 326 4181 et
346 4143 455 4182 carneo
474 4136 581 4199 septem
599 4145 638 4183 aa
663 4135 727 4182 ‘octo
746 4126 864 4198 (septem
888 4126 984 4196 imaro)
1007 4127 1041 4184 ‘in'
1063 4133 1164 4200 priore
