2618 4770
125 316 188 367 XVI

122 454 175 523 ins
190 453 239 522 rei
254 460 362 521 nutem
383 446 557 518 auctoritas
574 469 595 514 a
612 446 690 515 solis
711 447 866 539 exemplis
884 449 1070 553 pendebat,¹
1082 448 1182 543 plcre
1200 474 1205 479 ·

126 580 285 673 apposni,
312 579 363 647 vel
385 576 501 644 omnia.
543 577 692 644 Attamen
713 574 838 667 siquis
858 568 902 647 nd
923 584 1103 648 nndmrem
1120 579 1182 648 de·

124 707 363 779 monstrandam
377 705 471 795 plura
492 724 513 771 a
533 726 587 771 me
604 702 699 773 bllatn
719 703 876 790 inveniet,
901 706 958 775 ubi
977 702 1079 777 unum
1100 708 1181 777 satis

124 838 226 906 inisse
248 835 437 935 arbitretur,
454 830 667 935 ‚ddatipsa
690 856 755 922 quo
778 833 840 902 ista
859 835 1007 926 exempla
1029 834 1182 905 differant

125 974 184 1034 aut
206 962 399 1055 scriptorum
414 960 616 1041 «aversitate,
637 970 694 1028 aut
710 962 962 1033 enuntiationum
978 963 1100 1046 forma,
1123 974 1183 1034 aut

126 1090 191 1159 alia
211 1110 341 1169 caussa,
372 1109 468 1176 quam
488 1086 608 1176 ubique
628 1088 736 1155 vorbis
758 1110 923 1181 exponere
944 1092 1079 1184 longum
1098 1102 1180 1162 erat.

125 1216 173 1286 Et
191 1217 225 1283 in
249 1212 312 1284 bac
335 1216 557 1303 exemplorum
578 1215 781 1286 multitudiue
805 1217 990 1309 colligenda
1014 1229 1047 1289 et
1068 1220 1180 1312 dispo·

128 1342 236 1412 nenda
248 1344 412 1413 eammibi
424 1343 535 1435 legem
554 1343 846 1433 praescripseram,
873 1355 911 1415 ut
931 1368 980 1416 ne·
994 1366 1094 1417 unum
1107 1350 1179 1440 qni-

126 1471 203 1540 ‹lem
216 1470 388 1560 afferrem,
404 1470 495 1561 quod
514 1493 579 1539 non
599 1472 671 1560 ipse
692 1472 727 1540 in
748 1443 893 1541 ieterurn
913 1439 1002 1541 libris
1023 1474 1181 1565 inspexis-

125 1621 198 1693 sem
212 1607 246 1668 et
261 1600 522 1689 perpendissem,
540 1620 608 1666 non
629 1611 752 1668 temere
773 1600 908 1668 credens
933 1602 1068 1671 aliorum
1089 1607 1182 1675 testi-

126 1728 237 1796 monio
259 1748 358 1816 saepe
379 1727 495 1794 fallaci.
546 1728 620 1803 Quo
646 1725 680 1791 in
701 1726 835 1817 negotio
856 1726 996 1798 'clicrnm
1015 1732 1179 1802 erroribus

126 1854 316 1943 impeditus,
339 1877 438 1943 quum
460 1875 503 1921 cx
525 1851 742 1942 grammaticis
764 1855 913 1942 permulti
935 1857 978 1925 ad
999 1883 1039 1927 ea
1058 1880 1182 1949 proro-

127 2004 206 2051 care
217 1982 357 2060 soleant,
379 2003 463 2069 quae
483 2000 550 2046 non
562 2001 640 2047 vera
653 2002 714 2048 uec
730 1990 807 2069 apta
822 1993 912 2063 snut,
932 1996 1086 2073 quantum
1100 2011 1180 2079 ope-

127 2130 186 2177 rae
211 2119 245 2176 et
264 2107 420 2195 temporis
447 2106 716 2193 consumpserim,
743 2106 778 2175 id
807 2082 917 2177 dicere
946 2132 1011 2180 uon
1036 2134 1180 2202 possum,

128 2236 189 2305 sed
202 2236 310 2304 taedio
325 2233 511 2322 saepissime
525 2232 611 2300 sensi
628 2232 775 2303 molesto.
796 2236 894 2315 Quod
909 2247 946 2307 ut
958 2241 1065 2330 aliquo
1078 2242 1178 2312 modo

23 2360 27 2373 ’
128 2364 285 2443 levarem,
318 2361 350 2427 in
372 2361 411 2428 iis
434 2358 515 2429 locis
533 2360 681 2429 lubenter
702 2374 848 2435 uersum
871 2390 958 2449 sum,
986 2391 1070 2456 quae
1092 2371 1180 2439 eritl-

128 2514 203 2560 cum
227 2489 380 2557 iudicium
393 2497 592 2555 exercerent
633 2492 744 2567 Quare
758 2491 876 2561 multos
896 2493 1069 2581 scriptores
1087 2496 1178 2563 ride⁴

128 2619 197 2700 bis,
217 2617 266 2684 vir
284 2614 571 2705 praestantissime,
592 2632 615 2685 'a
631 2640 684 2685 me
697 2621 872 2708 explicatos
888 2620 944 2690 aut
960 2621 1056 2693 etiam
1069 2646 1180 2691 emen·

130 2747 235 2815 datos.
278 2744 474 2813 criticorum
497 2746 761 2827 commentarios,
783 2747 896 2836 qulbus
916 2748 965 2816 nti
977 2748 1060 2816 'mibi
1080 2750 1181 2832 licuit,

130 2872 259 2943 excussi
274 2895 395 2942 omnes.
439 2870 572 2943 Scilicet
583 2873 611 2941 si
623 2872 657 2940 in
669 2896 762 2940 usum
774 2874 929 2956 tironum,
951 2877 1066 2965 quibus
1081 2877 1182 2947 bodie

129 3001 269 3091 plurima
288 3000 396 3095 studia
421 2999 584 3082 dicantur,
613 3000 755 3069 scribere
782 3002 969 3086 voluissem,
1008 3004 1077 3073 aliis
1108 3005 1181 3074 viae

130 3127 331 3218 compendiis
356 3128 571 3198 incedendum
595 3129 716 3197 fuisset.
763 3130 919 3199 Ceterum
946 3155 1013 3200 non
1034 3124 1179 3214 deerunt,

130 3258 194 3348 qni-
209 3280 309 3326 unum
328 3257 504 3325 alterumve
531 3258 713 3346 exemplum
733 3256 768 3325 in
788 3258 885 3327 alium
905 3260 1012 3329 locum
1033 3264 1181 3351 banspo-

131 3356 276 3455 nendum
303 3394 338 3454 et
357 3385 400 3453 ad
417 3384 512 3453 eliam
534 3385 677 3455 eiusdem
696 3388 788 3456 verbi
809 3388 1075 3479 significationem
1095 3386 1182 3477 rele-

132 3511 270 3581 rendum
294 3523 455 3581 censeant.
496 3506 602 3603 sitque
615 3513 650 3581 id
664 3514 834 3584 commode
850 3514 922 3581 fieri
937 3514 1063 3602 poterit.
1094 3514 1181 3584 Nam

134 3663 233 3729 quum
247 3640 394 3709 vocabuli
408 3641 562 3731 cuiusque
582 3664 647 3710 una
667 3652 790 3711 tannim
815 3640 855 3708 sit
873 3640 978 3721 notio,
1000 3665 1103 3731 eaque
1124 3665 1180 3710 vn-

134 3768 215 3837 riam
230 3767 374 3839 admittat
386 3770 560 3852 rationem,
582 3791 681 3859 saepe
704 3770 757 3851 fit,
780 3778 817 3837 ut
838 3777 1023 3871 comparato
1048 3770 1181 3838 aliarum

134 3895 317 3987 linguarum
331 3921 392 3966 usn
406 3920 505 3965 unnm
518 3897 700 3987 exemplum
711 3896 754 3964 ad
771 3897 880 3985 plures
897 3895 1036 3966 rationes
1058 3897 1092 3966 in
1111 3897 1181 3966 aliis

134 4022 254 4116 linguis
269 4025 423 4095 discretas
443 4022 606 4111 adhiberi,
626 4033 662 4095 et
687 4044 800 4096 sensus
819 4048 886 4096 ncn
898 4048 963 4098 nno
976 4024 1074 4100 modo
1087 4022 1181 4094 reddi
