2618 4770
133 285 262 351 aaa>
582 274 698 347 ‘an

130 448 155 509 f
217 440 248 501 8.
289 433 402 514 Quare
426 440 564 497 utuntur
590 429 652 495 hac
689 427 818 497 dicendi
852 424 1002 513 formula
1031 439 1146 501 oraora
1184 442 1206 510 tle

133 522 233 587 etiam
249 522 283 585 in
299 519 474 586 reiicienda
492 517 666 597 adversarii
682 514 862 581 sententiar
896 514 1098 604 'Puncsaepe
1108 518 1147 583 al·
1187 551 1206 594 p

134 610 218 672 dunt
233 629 328 681 cero,
347 627 416 669 nou
432 614 545 679 tamen
561 604 756 689 particulam
771 601 1020 669 adversativam.
1063 603 1150 693 Oppo-
1188 621 1199 657 ἰ

132 695 208 760 sitio
227 694 315 759 enim
331 690 369 754 fit
383 691 455 778 ipsa
471 691 738 775 interrogatione.

149 851 152 855 -
235 817 342 868 Terent.
358 813 424 865 Eun.
446 809 481 875 2,
501 809 535 874 3,
555 809 598 862 91.
628 811 676 864 ΡΑ.
692 808 842 881 flagitium
856 804 995 880 facimus.
1031 809 1151 867 (leonii
1195 809 1205 870 l

196 897 390 970 flagitiumst,
420 899 491 950 siin
510 894 623 947 doniam
641 898 821 951 meretriciam
846 894 990 950 deducar?
1013 896 1092 947 Plant.
1105 886 1177 965 leus,

198 983 226 1048 3,
241 982 268 1046 3,
287 980 344 1037 125.
366 980 675 1054 quemteautemdeum
692 983 852 1038 nominem?
869 984 917 1035 La.
933 982 1083 1035 Fortunam
1095 993 1155 1054 atqu

207 1067 418 1138 Obsequentem.
453 1069 501 1119 An.
526 1068 586 1120 lam
610 1070 683 1121 istoc
710 1060 872 1121 es'melior.
907 1068 949 1120 In.
978 1073 1026 1121 An
1051 1066 1113 1140 quid
1129 1078 1156 1122 est

201 1152 273 1207 olim
292 1151 400 1206 bantini
416 1151 512 1205 salute
530 1152 654 1206 melius?
669 1155 745 1207 Tria.
762 1152 796 1216 2,
813 1152 847 1216 2,
864 1150 927 1217 90„
1014 1206 1016 1211 ,

237 1239 292 1290 Cio.
309 1232 336 1307 p.
354 1241 433 1291 Rosc.
458 1225 514 1292 Ain.
534 1238 586 1300 41,
617 1239 677 1293 120.
703 1243 733 1294 in
760 1238 892 1311 dominos
918 1239 1016 1308 quaeri
1038 1234 1074 1310 ale
1095 1239 1159 1291 souis
1184 1296 1187 1301 ,

150 1374 152 1379 ,
201 1325 325 1395 iniquum
347 1335 398 1377 est.
432 1326 515 1393 Anne
534 1322 698 1395 quaeritur?
724 1322 789 1377 Sex.
805 1322 878 1377 enim
903 1320 1025 1378 Roscius
1047 1340 1107 1377 reue
1124 1333 1160 1376 est.

200 1408 253 1460 hoc
274 1419 329 1461 est:
357 1419 385 1461 at
406 1426 461 1462 non
483 1408 633 1477 quaeritur:
661 1407 730 1472 sive,
757 1425 821 1461 num
847 1403 1009 1480 quaeritur?
1039 1407 1085 1458 aed
1111 1426 1161 1476 pro·

199 1494 272 1564 p'rie:
298 1513 388 1547 meane
416 1507 521 1549 constat
546 1493 692 1554 sententia,
724 1509 758 1553 ap
784 1488 861 1566 putas
876 1492 993 1562 quaeri?
1012 1494 1040 1546 iu
1060 1492 1163 1561 ,Verni¹

197 1578 250 1645 48,
268 1581 327 1633 119.
365 1581 476 1649 Philipp.
494 1579 575 1644 m,
592 1578 619 1631 3.
639 1589 735 1634 contra
753 1597 810 1632 rem
825 1596 910 1632 suant
924 1597 968 1632 me
985 1583 1079 1634 nescio
1095 1598 1164 1649 quone

200 1666 238 1718 sio
269 1671 378 1720 venisse
402 1677 515 1734 questus
539 1676 589 1719 est.
609 1666 669 1719 Aa
692 1681 744 1736 ego
772 1683 829 1718 nou
851 1650 974 1721 ciatrem
999 1675 1095 1718 contra
1112 1663 1206 1723 alio·]

197 1769 265 1804 num
282 1768 334 1820 pro
351 1745 497 1820 familiari
514 1760 542 1802 et
560 1754 714 1808 necessario
735 1751 818 1805 meo?
953 1745 955 1748 ⁵
1200 1740 1204 1749 ¹

243 1838 298 1889 Cic.
310 1856 337 1905 p.
355 1837 412 1888 Mil.
431 1835 480 1898 12,
497 1835 541 1890 83.
554 1855 591 1888 an
606 1855 687 1900 vero,
712 1836 833 1903 iudices,
857 1852 912 1891 vos.
938 1832 997 1889 toli
1020 1835 1166 1907 ignoratis?

198 1938 251 1973 vos
268 1919 392 1992 hospites
409 1926 438 1976 in
456 1919 507 1974 hac
525 1919 591 1972 arte
608 1921 778 1977 versamini?

215 2028 247 2091 9.
280 2022 317 2087 In
341 2024 626 2110 argumentatione
651 2026 696 2088 ita
719 2026 902 2112 interrogat
928 2024 983 2103 is,
1017 2023 1077 2110 qui
1103 2044 1168 2086 sen-

129 2110 267 2174 tentiam
283 2131 376 2173 suam
392 2119 460 2172 tam
476 2120 598 2174 certam
616 2133 683 2175 esse
708 2110 835 2188 innuit,
865 2120 903 2173 ut
918 2109 1121 2183 contrarium
1135 2129 1168 2170 ne

129 2195 268 2280 cogitari
292 2196 427 2282 quidem
453 2197 568 2282 possit.
621 2198 717 2260 Vnde
746 2196 871 2275 exsistit
899 2194 1081 2262 verborum
1103 2191 1168 2259 for·

127 2282 218 2345 mula
237 2304 285 2345 ou
297 2291 410 2366 potest
425 2281 602 2368 pruisquam
622 2278 804 2349 dubitare?
1167 2306 1171 2313 ·

232 2400 287 2453 Gic.
304 2420 330 2470 p.
337 2402 425 2468 Liger.
443 2402 468 2465 2,
490 2398 515 2452 6.
536 2401 611 2469 qaod
628 2407 653 2459 si
670 2413 712 2456 est
732 2396 919 2461 criminosum,
936 2400 1112 2455 necessitatis
1128 2400 1170 2452 cri·

196 2504 257 2539 men
276 2496 333 2549 est,
350 2505 407 2539 non
422 2487 588 2542 voluntatis.
623 2491 670 2541 Aa
696 2487 763 2556 ille,
792 2491 817 2542 si
843 2487 987 2561 putruisset
1012 2485 1094 2540 illinc
1117 2483 1168 2538 ullo

196 2571 433 2636 moecenatem,
458 2574 555 2627 Vticae
573 2592 656 2645 qaam
681 2574 806 2633 Romae,
837 2592 897 2627 cunt
925 2572 957 2625 Ρ.
992 2572 1079 2627 Accio
1097 2590 1169 2642 quam

118 2660 122 2665 ’
197 2676 258 2710 cunr
277 2659 501 2713 concordissimis
517 2655 679 2728 fratribus,
706 2679 768 2717 cum
793 2656 896 2712 alienis
925 2675 985 2711 esse
1010 2676 1093 2728 quam
1118 2676 1170 2710 cum

198 2747 258 2796 suis
295 2743 460 2798 maluisset?
492 2748 532 2795 Ita
558 2745 626 2796 enim
650 2745 788 2819 legendum
820 2762 876 2796 esse
907 2743 1098 2795 demonstrarit
1129 2741 1170 2792 Ed.

195 2829 348 2881 Wunderus
367 2830 396 2881 in
414 2832 478 2885 Ver.
495 2832 568 2884 Lect.
585 2833 670 2884 Praef.
691 2851 718 2900 p.
736 2829 779 2884 24.
815 2829 864 2897 12,
883 2826 927 2882 84·
947 2827 1050 2900 quodsi
1068 2830 1170 2899 penitas

193 2916 350 2983 perspicere
367 2934 465 2983 posses
484 2917 661 2970 concordiam
678 2917 875 2986 Ligariorum,
903 2932 998 2966 omnes
1008 2909 1121 2983 fratres
1138 2925 1170 2967 te·

196 3016 257 3053 cum
277 2999 412 3055 iudicares
420 2997 528 3071 fuisse.
552 3004 608 3076 ¹An
631 3011 727 3070 potest
744 3003 806 3070 quis
826 2998 970 3059 dubitare,
990 3003 1057 3072 quin
1075 3012 1144 3052 etc„

211 3105 262 3165 10.
288 3099 420 3181 laoniae
442 3103 498 3178 vis,
523 3125 605 3192 quae
622 3123 866 3190 quamcumque
882 3102 1169 3191 inlerrogationem

128 3182 169 3249 de
199 3185 303 3250 aliena
335 3189 494 3253 sententia
524 3199 737 3277 quaerentem
761 3189 871 3275 tegit,
913 3200 1087 3254 coercetur
1116 3190 1177 3252 ali-¹

126 3284 289 3357 quantum
306 3284 338 3338 et
353 3276 539 3363 mitigatur,
565 3274 620 3338 ubi
636 3276 836 3362 interposito
853 3297 939 3350 non,
976 3297 1045 3361 quo
1070 3273 1109 3337 fit
1128 3298 1170 3338 rin
1199 3314 1203 3325 ·

124 3381 211 3437 raon,
235 3361 257 3422 i.
276 3382 304 3423 e.
328 3383 460 3441 nonna,
481 3372 603 3425 certum
621 3383 692 3424 rem
712 3383 780 3424 essa
797 3363 990 3434 statuimus,
1014 3369 1047 3424 ct
1065 3360 1170 3424 addito

126 3445 284 3508 vocabulo
296 3447 413 3532 potius
431 3448 597 3511 contraria
614 3447 715 3534 magis
729 3445 835 3511 valere
851 3444 1047 3510 indicamus.
1128 3443 1131 3449 ’

238 3569 323 3619 Varro
342 3566 423 3618 deL.
442 3568 472 3618 Ι..
490 3565 523 3630 4,
547 3564 593 3636 (5,)
614 3568 649 3631 1,
668 3565 693 3619 6.
713 3585 771 3620 uon
799 3567 871 3618 enim
897 3563 1046 3618 videbatur
1065 3585 1172 3620 consea-

192 3664 322 3716 taaeum‚
343 3671 472 3723 quaerere
492 3670 534 3704 me
559 3652 587 3716 iu
611 3650 769 3724 ‹ro-verbo,
798 3651 874 3722 quod
892 3651 1029 3720 finxisset
1057 3651 1173 3715 Ennius,

193 3757 336 3801 caussam,
355 3734 515 3807 neglegere,
535 3735 610 3809 quod
629 3747 695 3790 ante
713 3756 761 3790 rex
779 3735 1062 3806 Latinusyfinxisset.
1081 3765 1114 3778 -
1130 3738 1172 3791 Aa

155 3836 160 3858 ·’
193 3845 250 3878 ηοη
266 3827 362 3895 potius
383 3841 444 3875 mea
458 3820 542 3875 verba
562 3821 631 3886 illa,
651 3841 722 3893 quae
739 3820 911 3876 haereditate
931 3842 949 3874 a
969 3822 1096 3876 Romulo
1114 3843 1172 3895 rege

191 3919 339 3973 venerunt,
366 3925 449 3979 quom
470 3925 542 3979 qnae
567 3927 585 3958 a
606 3918 695 3987 poeta
712 3909 800 3963 Livio
819 3905 947 3978 relicta?
971 3908 1064 3958 Potuit
1091 3909 1173 3960 omitti

190 4001 303 4068 potius,
322 3993 369 4046 sed
389 3993 495 4044 additur
513 3992 542 4043 in
559 3993 778 4060 compensandam
795 4003 931 4062 utramque
951 3993 1118 4046 sententiam.

210 4105 260 4168 11.
291 4095 357 4162 Sed
378 4095 417 4160 ab
435 4095 496 4160 hac
512 4095 620 4161 ironia
634 4095 783 4162 inversae
797 4096 956 4161 orationis
979 4097 1123 4163 omnino
1139 4119 1173 4163 ea

619 4282 679 4368 ,1.
