2648 4762
659 336 839 412 'strata

297 509 382 567 stiam
404 510 479 559 recta
494 503 579 573 *ratio
603 499 754 553 communis
776 505 827 552 est.
867 495 947 574 Quae
972 495 1108 570 quamsit
1127 496 1191 563 lea,
1215 498 1277 572 iege

296 609 405 669 qaoque
428 582 722 643 conciliatiiromirres
750 600 811 636 cum
837 581 894 638 diis
917 583 1040 654 putandi
1058 599 1163 639 smnus.
1200 587 1277 641 luter

297 696 368 756 qnos
388 691 473 748 por-ro
492 681 534 727 est
553 669 707 723 commuuio
734 667 823 741 legis,
851 670 922 722 inter
950 686 999 724 eos
1014 670 1180 722 communio
1208 672 1276 725 iuris

295 762 348 822 Ast.
388 756 496 834 (luibae
512 763 606 808 aretem
624 752 691 808 haec
708 766 773 807 runt
792 753 965 818 ceremonia,
1001 750 1125 807 ciuitatis
1151 756 1276 810 eiusdem

295 845 497 904 habendisunt.
516 841 564 890 Per
579 847 672 892 autem
685 854 778 907 promo
793 848 854 889 etur
873 838 1044 891 ratiocinatio
1061 838 1095 889 ad
1109 838 1186 890 aliam
1204 858 1273 893 con-

298 930 423 988 clusionis
440 933 553 996 pertam:
585 922 614 973 in
641 938 727 992 porro
746 923 803 992 ipsa
824 922 889 975 haec
912 923 1065 993 progressio
1083 941 1208 992 expressa
1227 936 1275 978 est.

297 1017 375 1072 (loni.
392 1033 418 1083 p.
438 1011 512 1061 (laec.
533 1006 565 1072 6,
585 1005 627 1058 16.

340 1099 435 1161 Ratio,
461 1110 527 1162 quae
544 1092 615 1144 inter
634 1091 700 1169 duas
719 1089 910 1143 enuntiationes
928 1091 966 1143 ita
984 1093 1134 1145 coniunctas
1153 1093 1273 1146 interce-

296 1189 359 1249 dat,
384 1179 521 1248 multiplex
539 1186 587 1230 est.
622 1178 705 1245 Saepe
726 1176 771 1243 id,
795 1177 865 1245 qnod
893 1177 922 1227 in
939 1177 1024 1246 priori
1047 1178 1209 1246 generaliter
1229 1179 1273 1231 di-

294 1282 365 1325 ctum
383 1274 440 1332 est,
463 1263 492 1313 in
511 1262 594 1313 altera
610 1260 718 1313 adrem
734 1272 833 1313 certam
852 1263 985 1326 refertur,
1005 1273 1036 1330 ut
1054 1264 1157 1314 Curtius
1176 1263 1228 1328 10,
1246 1263 1285 1328 6,,

276 1353 337 1413 .16.
354 1345 546 1405 Alexandrum
566 1343 739 1411 coasultum,
757 1349 801 1400 cai
818 1345 984 1418 relinqueret
999 1365 1130 1418 regnum,
1148 1347 1274 1403 voluisse

293 1440 430 1510 optimum
447 1430 535 1503 deligi
542 1468 550 1496 ‚
574 1428 729 1485 iudicatum
748 1443 841 1484 antem
863 1429 900 1484 ab
923 1433 987 1503 ipso
1006 1436 1142 1503 optimum
1159 1432 1273 1487 Perdic-

295 1538 372 1586 cam„
396 1519 439 1570 cni
462 1512 597 1568 annulum
622 1513 794 1569 tradidisset.
838 1517 879 1567 Ita
897 1533 912 1566 a
931 1517 1022 1583 regula
1046 1519 1172 1570 transitus
1190 1519 1222 1570 fit
1239 1518 1273 1569 ad

294 1604 456 1675 exemplum,
480 1609 510 1652 ut
533 1599 608 1668 apud.
629 1598 754 1663 Quinctil.
775 1595 920 1666 4,1,66.
940 1598 985 1654 ubi
1009 1602 1062 1655 vid.
1084 1603 1221 1679 Spalding.
1246 1612 1272 1654 et

293 1694 326 1745 ab
346 1690 467 1742 universa
489 1685 529 1738 rei
557 1684 735 1754 descriptione
755 1685 789 1736 ad
809 1685 968 1753 singularum
989 1688 1104 1757 partium
1121 1688 1271 1757 expositio-

153 1772 156 1781 '
231 1777 234 1782 ’
292 1791 363 1838 nem,
379 1770 460 1825 veluti
475 1769 530 1824 Cic.
551 1773 625 1821 Orat.
646 1767 690 1832 54,
709 1769 767 1822 180.
785 1769 829 1835 63,
845 1769 906 1822 212.
923 1773 991 1827 ,Sed
1005 1782 1093 1842 potest
1111 1773 1191 1824 etiam
1209 1791 1226 1825 a
1241 1786 1271 1825 re

294 1856 419 1926 singulari
440 1855 473 1905 ad
489 1857 644 1933 generalem
660 1853 817 1907 sententiam
837 1856 960 1933 transiri:
984 1866 1014 1908 ut
1030 1859 1102 1909 Cart.
1121 1856 1153 1924 8,
1174 1856 1209 1924 8,
1229 1859 1269 1912 13.

291 1953 321 1999 et
338 1960 404 1996 sana
422 1939 488 2011 plus
507 1936 639 1994 habemus
654 1957 737 2012 quam
755 1943 889 2010 capimus.
905 1936 1076 2006 insatiabilia
1091 1951 1186 1994 autem
1203 1962 1269 1995 ava·

291 2030 374 2083 ritino
393 2032 451 2087 est,
470 2023 561 2078 adduc
578 2022 691 2095 implere
706 2022 795 2087 vella,
812 2023 887 2096 qnod
906 2028 963 2078 iam
980 2025 1158 2095 circumfluit.
1186 2030 1268 2096 Saepe

226 2095 229 2103 Ι
292 2119 483 2182 componuntnr
499 2120 587 2179 partes
604 2110 657 2174 ita,
683 2117 714 2159 ut
736 2107 819 2177 altera
836 2108 962 2191 restriqgi
980 2108 1099 2163 videatur
1117 2113 1150 2163 ab
1170 2112 1266 2164 altera:

291 2208 321 2250 at
337 2215 392 2248 non
408 2194 576 2262 restringitur
592 2194 642 2245 hac
658 2193 795 2263 particula.
820 2195 911 2247 Cicero
930 2214 1008 2264 quum
1024 2197 1088 2247 dicit
1105 2197 1138 2248 de
1159 2199 1223 2266 Leg.
1242 2199 1265 2264 1,

291 2282 343 2346 12,
363 2276 406 2333 34.
425 2290 484 2333 tam
501 2279 575 2334 illud
592 2272 685 2349 effici,
696 2313 698 2316 -
711 2277 786 2349 qaod
807 2276 972 2349 quibusdam
988 2277 1149 2335 incredibile
1171 2283 1266 2336 videa-

292 2377 353 2429 tur,
371 2367 519 2418 situatam
536 2363 728 2421 necessarium.
744 2380 798 2414 non
809 2360 883 2416 *idem
901 2376 940 2416 est
960 2383 1049 2416 sensus
1066 2383 1097 2417 ac
1115 2367 1138 2417 si
1156 2367 1267 2420 dixisset

291 2449 368 2521 quod
386 2445 678 2520 quidem-incredibile
695 2447 832 2502 videatur.
868 2449 943 2500 Couf.
961 2452 1001 2514 ll,
1018 2439 1050 2503 2.

303 2533 335 2596 4.
367 2533 440 2596 Hoc
461 2531 565 2597 modo
587 2554 649 2621 per
671 2543 786 2596 cirtem
809 2534 845 2599 in
868 2531 1090 2597 continuanda
1114 2533 1264 2598 oratione

219 2616 378 2684 transitur
391 2618 432 2683 ad
449 2617 543 2685 aliam
557 2638 646 2694 rem,
672 2616 780 2682 autad
794 2638 917 2682 novam
940 2618 1156 2695 sententiam,
1182 2640 1265 2706 quaa

222 2700 487 2769 antecedentibus
520 2705 565 2768 ita
597 2705 799 2791 opponitur,
833 2711 870 2766 ut
901 2703 1069 2790 utriusque
1095 2702 1263 2787 diversitas

220 2789 331 2854 animo
350 2788 542 2867 obiiciatur,
567 2799 600 2852 et
615 2788 704 2875 quod
724 2787 764 2852 ab
781 2788 880 2852 altera
893 2798 1022 2936 purten
1046 2800 1177 2876 pareat,
1201 2789 1262 2854 hac

221 2871 430 2943 distinctione
444 2873 616 2939 indicetur.
659 2873 703 2938 Et
718 2883 755 2937 ut
770 2875 874 2938 oratio
918 2873 1011 2939 abeat
1022 2813 1122 2940 iunius
1142 2874 1261 2939 distin-

220 2960 339 3023 ctionis
348 2968 469 3023 certam
486 2980 608 3039 ansam,
617 2980 722 3023 unum
734 2980 868 3039 nomen,
879 2957 970 3045 quod
985 2959 1118 3042 eminet,
1130 2958 1262 3048 eligitur

221 3054 253 3108 et
267 3044 379 3130 primo
396 3044 469 3110 loco
486 3044 642 3132 ponitur,
658 3045 711 3107 cui
727 3043 1038 3127 adhaereatautem.
1067 3045 1116 3111 lta
1132 3045 1260 3111 factum

221 3138 288 3209 est,
313 3140 351 3192 ut
365 3128 446 3194 haec
468 3131 626 3218 porticula
641 3129 820 3193 nectendas
844 3130 986 3194 orationi
1003 3131 1196 3215 inserviret,
1217 3153 1259 3196 ne

219 3213 373 3279 contiuua
390 3216 593 3303 cogitationis
610 3215 707 3279 series
733 3223 765 3278 et
794 3213 877 3278 ordo
892 3214 1078 3280 turbaretur
1092 3216 1199 3287 aliena
1221 3239 1258 3283 re

218 3311 407 3386 apparente.
451 3302 543 3380 Quae
568 3300 737 3388 oppositio
756 3299 822 3364 sive
839 3299 1004 3365 distinctio
1021 3323 1117 3387 saepe
1131 3323 1203 3366 non
1218 3302 1257 3367 ad

215 3385 419 3449 intellectum
438 3387 601 3471 pertinet,
622 3386 680 3450 sed
698 3385 737 3449 ad
753 3407 886 3449 sensum
902 3408 996 3462 eum,
1020 3408 1120 3474 quam
1136 3408 1201 3451 nos
1218 3388 1256 3451 ab

214 3469 283 3534 ima
304 3470 411 3534 inibus
424 3471 646 3535 nominamus.
691 3470 805 3534 Oratio
830 3471 919 3535 enim
933 3472 1002 3559 ipsa
1026 3482 1154 3537 constat
1172 3472 1257 3537 ima-

156 3554 179 3565 '‘
214 3494 344 3642 giniius
360 3556 471 3619 auimo
490 3554 697 3634 obiicieudis,
718 3555 886 3641 inquibus
905 3555 1117 3643 disponendis
1136 3568 1169 3621 et
1187 3558 1255 3621 dis-

213 3640 399 3724 tinguendis
412 3651 612 3727 usurpontnr
627 3639 787 3725 quaedam
802 3640 977 3728 particulae
993 3664 1032 3704 eo
1049 3641 1171 3723 modo,
1187 3665 1253 3730 quo

113 3725 117 3735 “
175 3793 180 3804 .
238 3725 356 3788 ictores
379 3726 414 3788 in
436 3724 553 3790 tabulis
569 3725 771 3790 adminiculis
795 3735 951 3808 utuntur,
974 3727 1090 3812 quibus
1107 3729 1254 3814 singulae

211 3747 336 3896 igunae
362 3822 394 3874 et
415 3823 525 3897 partes
552 3813 761 3875 continentur
791 3812 916 3896 sibique
936 3812 1150 3899 respondent.
1194 3817 1255 3878 At-

211 3917 277 3994 que
298 3894 362 3958 hoc
386 3917 481 3983 saepe
504 3895 541 3959 fit
564 3899 598 3992 in
623 3896 782 3983 particula
812 3907 926 3994 autern
953 3909 1087 3962 externa
1111 3902 1254 3988 opposi-

209 3989 319 4062 uene,
341 4002 441 4067 quarn
457 3981 498 4046 ad
521 3990 676 4047 ornatum
695 3991 727 4045 et
742 3993 1009 4129 perspicuitatem
1032 3981 1152 4049 referri
1166 3985 1253 4051 licet.

209 4062 394 4166 Scriptores
416 4065 533 4152 igitur,
568 4066 624 4154 qui
647 4077 751 4131 artem
778 4066 818 4130 ud
844 4065 935 4133 ibent
956 4068 992 4131 in
1017 4073 1253 4156 componenda

208 4153 654 4239 cranone,concinnitate1n
678 4152 882 4223 Graecorum
908 4153 1065 4244 exemplo
1079 4155 1252 4224 maximo-

208 4266 211 4271 ,
504 4254 510 4259 -
558 4251 560 4255 ι
696 4264 705 4297 ,
1055 4256 1058 4261 Δ
