2618 4770
500 299 667 370 AVTEM.
1051 308 1114 375 677

126 477 216 529 tuum,
232 471 312 532 atque
328 457 363 511 ad
380 474 467 511 mores
483 467 544 511 tuos
561 453 747 509 truculentos?
765 455 823 507 Aul.
841 453 875 522 5,
898 456 940 512 11.
954 459 1048 516 iamne
1063 480 1113 515 au.

12 534 41 575 t:
111 561 197 612 scm,
223 555 255 599 ut
273 544 364 609 soles,
393 542 531 598 deludis?
556 542 650 596 116661.
669 540 702 605 1,
720 539 751 605 1,
768 539 812 596 68.
837 559 933 598 sumas
955 556 1049 600 autem
1071 547 1113 599 ai·

12 622 40 659 3
123 631 178 686 1ιίΙί
184 668 192 694 ,
212 633 261 703 qui
277 648 411 701 nequeam
428 629 540 701 ingenio
558 625 698 680 moderari
716 626 802 679 meo?
828 626 971 681 Lambinus
988 632 1112 701 egregie:
1197 650 1200 655 ·

12 706 39 789 ἓ
124 717 189 785 „hio
207 716 354 768 succumbit
372 713 542 775 adolescens,
568 712 652 765 rioms
677 711 775 763 callida
803 720 832 763 et
855 713 946 766 fallaci
962 715 1111 769 meretricis

11 794 40 869 ’,’
125 803 262 866 oratione,
294 800 366 870 quod
391 798 543 868 intelligens
571 797 628 867 ipss
654 814 682 847 se
708 796 881 866 reprehendit
901 809 980 868 atque
1004 812 1112 855 6666661

12 879 39 917 ·“
125 886 168 938 bis
186 887 290 939 serbis:
315 903 404 939 nonne
422 902 472 953 ego
496 901 553 935 snm
577 882 657 933 homo
683 883 781 933 nullius
799 882 895 951 pretii,
920 885 966 954 qui
981 903 1111 955 nequeant

11 966 38 1003 Ξ
124 971 190 1022 mihi
207 968 358 1040 imperare?
378 971 424 1039 qui
444 985 571 1038 nequeam
589 965 697 1033 ingenio
720 984 779 1019 meo
799 969 986 1038 temperare?“
1011 970 1109 1040 Virgll.

11 1049 39 1091 ²
122 1061 188 1108 Aen.
202 1057 230 1122 2,
245 1055 304 1108 102
320 1053 370 1110 sed
392 1053 460 1126 quid
476 1069 529 1124 ego
544 1049 613 1104 liaeo
624 1059 721 1104 autem
735 1051 1111 1127 nequidquam-revolvo?

136 1156 349 1223 Heindorlius
367 1154 484 1219 adCio.
501 1151 542 1216 de
562 1151 637 1216 Nat.
655 1150 689 1215 d.
710 1158 746 1229 1,
769 1154 829 1231 43,
854 1162 927 1223 121.
947 1158 1049 1237 dixit,
1070 1158 1108 1226 in

11 1250 37 1325 .¹'
53 1240 317 1327 interrogatione
336 1250 415 1326 post
437 1239 536 1327 plura
554 1236 614 1301 alia
635 1237 718 1324 poni
743 1251 868 1316 autem,
892 1244 1108 1334 (intelligebat

11 1334 26 1367 '-
53 1328 146 1391 enlm
169 1337 357 1392 extremum
384 1322 576 1389 membrum
604 1321 797 1408 multiplicis
824 1325 1105 1419 interrogationis)

11 1406 38 1493 ’[-
51 1413 164 1476 attulit
190 1432 230 1475 ue
247 1420 392 1498 quatuor
410 1410 523 1488 locos,
571 1407 666 1472 uibus
687 1409 950 1478 emendationem
967 1438 985 1479 a
1001 1438 1036 1481 se
1050 1415 1107 1482 fa-

11 1520 29 1553 r
51 1507 144 1562 etam
161 1432 362 1562 defenderet.
406 1495 472 1560 Sed
487 1431 580 1577 illul,
596 1491 689 1580 quod
704 1515 819 1560 verum
836 1505 896 1575 est,
915 1520 976 1584 per
991 1513 1108 1566 antem

11 1596 20 1613 '
47 1583 199 1648 diversas
215 1603 268 1646 res
293 1580 468 1669 distingui,
489 1601 560 1645 non
579 1602 598 1644 6
615 1579 817 1668 proprietate
838 1581 1106 1671 interrogationis

45 1666 292 1757 proficiscitur,
311 1665 377 1732 vid.
393 1690 429 1754 p.
446 1669 520 1732 570.
535 1665 617 1730 haee
636 1677 747 1731 autem
762 1668 916 1754 exegnpla
931 1690 1004 1734 eam
1021 1692 1107 1753 rem,

47 1770 156 1840 quam
179 1751 390 1816 Heindorfius
414 1750 697 1816 demonstraturus
730 1761 819 1833 erat,
850 1775 919 1818 non
944 1776 1106 1844 compro·

47 1839 146 1904 bant.
167 1839 253 1902 Nam
270 1839 306 1901 in
322 1837 422 1902 Tusa.
437 1841 475 1913 5,
492 1843 546 1903 20.
568 1833 647 1901 urbs
663 1837 832 1902 6161νί166
849 1839 1106 1928 distinguuntur,
1222 1904 1230 1916 ,

45 1924 119 1990 vid.
137 1946 172 2010 p.
185 1927 263 1990 668.
283 1923 319 1987 16
337 1923 440 1988 Τ666.
452 1925 489 2003 ’4,
506 1929 538 1988 2.
556 1925 725 2010 oppositio
736 1922 775 1987 fit
785 1935 963 2011 poetarum
980 1936 1014 1992 et
1028 1948 1107 1992 ora-

47 2020 186 2085 torum,
210 2009 275 2073 vid.
297 2030 333 2096 p.
351 2010 425 2074 662.
449 2007 490 2073 ad
513 2007 604 2073 Fam.
627 2013 665 2084 7,
691 2014 731 2073 13
741 2057 756 2089 ,.
773 2013 804 2074 6.
827 2032 939 2076 caussa
959 2012 1106 2077 cernitur

50 2094 341 2160 inmiratione'aut
355 2094 392 2158 in
406 2093 557 2169 transila,
567 2093 758 2181 61616676.
774 2116 808 2194 p·
821 2096 1013 2174 Gluent.60,
1031 2101 1104 2162 167.

53 2200 258 2269 quamquam
270 2179 382 2266 plures
393 2202 445 2243 res
463 2201 524 2266 per
535 2179 705 2265 primum,
723 2179 874 2265 derude„
881 2204 992 2269 porro
1008 2204 1106 2248 com·

51 2275 244 2354 ponuntur,
267 2263 366 2331 verba
387 2263 608 2350 intercapedo
625 2275 657 2330 et
680 2262 724 2330 de
749 2265 887 2354 integro
908 2288 970 2355 per
989 2278 1105 2333 auton

53 2361 293 2450 opponuntur=
321 2349 462 2437 denique
486 2345 673 2414 emendatio
689 2351 730 2415 de
743 2351 818 2415 Nat.
842 2351 875 2416 d.
892 2363 929 2434 1,
951 2353 1011 2432 18,
1030 2359 1103 2419 121.

52 2455 129 2524 quas
146 2447 262 2500 autem
276 2434 367 2501 66116
388 2445 422 2501 et
444 2435 613 2521 religione
637 2434 767 2524 dignas
782 2435 972 2517 ,iudicarei
1001 2461 1104 2504 nemo
1211 2448 1215 2452 “

51 2519 220 2610 praeferet
246 2521 414 2608 vulgatae,
445 2521 481 2585 in
509 2541 574 2606 qua
596 2531 751 2586 externus
774 2523 879 2587 cultus
899 2545 919 2589 a
941 2523 1105 2612 religione

50 2617 143 2674 recte
162 2606 382 2692 disiunguitur
395 2628 455 2694 per
469 2618 531 2671 aut
545 2641 586 2656 -
602 2616 675 2670 aut·

140 2697 191 2756 19.
223 2692 389 2791 Delam-o,
411 2712 510 2777 quem
531 2701 617 2779 part.
643 2688 805 2757 autemin
820 2690 1001 2754 verborum
1020 2692 1105 2758 serie

53 2776 220 2852 obtineat,
252 2789 385 2864 antiqua
408 2787 457 2840 est
477 2777 661 2841 observatio
690 2774 903 2858 Quinctiliani
931 2781 964 2850 1,
988 2778 1027 2857 5,
1047 2782 1102 2843 89.
1143 2827 1146 2843 .

53 2861 187 2926 turbato
216 2862 332 2927 ordine
357 2863 513 2929 exsistere
530 2863 798 2938 soloecismum,
829 2881 895 2947 quo
920 2871 1035 2925 uatem
1061 2862 1103 2926 ab

51 2947 151 3020 initio
169 2948 402 3012 enuntiationis
419 2957 575 3034 ponatur.
618 2947 656 3012 Id
678 2958 787 3012 tamen
808 2967 878 3010 non
894 2966 1026 3033 semper
1042 2967 1103 3010 cu-

51 3032 138 3111 rayit
155 3033 368 3098 librariorum
392 3045 520 3121 stupor.
542 3033 607 3098 vid.
630 3035 764 3098 Petron.
780 3036 832 3098 61.
850 3031 1019 3095 66166616
1034 3054 1103 3096 66·-

49 3118 191 3205 gustiis,
233 3119 410 3185 Rationem
434 3140 511 3184 vero
536 3118 628 3183 istius
645 3139 723 3182 usus
743 3119 779 3183 in
804 3139 844 3180 66
869 3116 1101 3206 conspicimus,

53 3202 146 3290 quod
173 3205 333 3290 particula
362 3226 526 3292 nusquam
551 3226 612 3292 per
642 3227 677 3269 se
704 3212 848 3283 constat,
886 3201 942 3266 sed
971 3224 1103 3288 semper

53 3288 141 3353 aliud
159 3288 357 3352 vocabulum
379 3290 531 3368 attrahit,
555 3299 587 3351 61
610 3289 860 3353 circumclusum
886 3309 1000 3353 secum
1024 3285 1102 3352 fert.

52 3373 99 3439 Et
125 3395 167 3437 ne
194 3375 311 3439 comici
334 3375 485 3460 quidem,
507 3373 602 3437 sicuti
628 3374 662 3437 in
679 3374 770 3439 enim
792 3372 915 3461 passim
939 3373 1102 3454 iecerunt,

53 3458 96 3522 ab
112 3456 172 3521 hac
188 3459 300 3547 regula
316 3480 475 3547 umquam
492 3459 720 3539 discesserunt,
740 3460 806 3537 sed,
828 3459 863 3523 in
881 3479 947 3544 quo
963 3455 1103 3522 liberio-

51 3565 107 3609 res
130 3543 282 3610 videntur
304 3543 421 3625 luisse,
441 3566 567 3609 nomen
582 3545 615 3609 vi
636 3547 851 3630 praestantius
875 3564 944 3605 non
968 3562 1104 3630 semper

52 3629 167 3716 primo
183 3629 260 3693 loeo
277 3641 478 3718 posuerunt,
501 3651 563 3693 uec
586 3630 781 3716 particulam
803 3632 832 3694 ei
856 3627 957 3692 verbo
983 3628 1103 3693 adiuu-

52 3724 196 3787 xerunt,
226 3714 261 3778 in
286 3737 353 3800 quo
375 3716 471 3780 fieret
487 3716 668 3803 oppositio.
722 3717 810 3781 Haeo
834 3725 946 3775 tamen
968 3711 1102 3779 libertas

53 3820 126 3862 666
141 3809 210 3862 tum
224 3820 342 3884 magna
359 3811 391 3863 et
405 3800 560 3887 frequens
577 3810 644 3877 est,
670 3823 768 3887 quam
786 3795 889 3862 critici
905 3800 1011 3862 nostri
1028 3798 1102 3863 exi·
1215 3818 1223 3833 ¹

53 3883 190 3948 stimare
205 3885 325 3950 solent.
367 3884 452 3950 Nam
476 3907 572 3971 saepe
589 3885 686 3972 plura
702 3883 859 3949 vocabula
873 3901 943 3945 uno
957 3884 1103 3948 notionis

55 3969 183 4034 ambitu
200 3967 538 4059 comprehenduntur,
584 3970 755 4035 raesertirri
774 3970 808 4034 in
823 3969 1102 4054 interrogationes

54 4077 153 4141 saepe
169 4056 267 4121 etiam
290 4054 415 4146 duplex
432 4065 482 4123 est
502 3993 683 4128 veriorum
704 4056 840 4134 relatio,
864 4070 965 4146 quam
987 4063 1119 4151 auram-¹

54 4138 160 4207 semel
174 4140 308 4211 indicat.
807 4202 850 4295 8⁷
