2618 4770
83 344 85 349 ,
165 293 230 361 esa
639 283 725 350 aa.
766 360 770 369 ³

165 466 220 510 ne.
266 441 340 522 Qua
354 439 482 527 origine
497 436 670 504 obscurata
687 435 773 501 nihil
791 435 1014 526 impediebat,
1036 432 1218 522 quominus*

166 531 267 595 altera
282 549 325 590 ne
341 525 493 590 adiuncta
510 525 672 588 diceretur
687 546 788 601 anne,
809 526 897 588 sicut
913 523 1055 587 dicimus
1065 530 1202 589 ‘ceterol-
1240 588 1248 599 „

166 638 246 703 que,
276 611 350 675 lieet
367 611 472 674 ceteri
492 610 557 673 sint
580 608 785 757 adceperqnori
808 609 932 695 ἕτεροι),
946 609 1095 757 itemque
1114 602 1201 671 hodie
1240 608 1241 612 ’

166 711 216 764 est
230 698 295 762 hoo
311 696 383 773 die,
405 705 438 759 et
451 704 562 758 tamen
578 694 697 759 dicitur
730 693 885 759 rodierno
908 693 1006 759 <tien
1051 700 1075 768 0,
1091 698 1131 754 nt
1150 684 1198 769 lis,
1256 708 1260 749 “.

78 782 84 796 ’
162 783 222 867 ἦν,
244 781 283 848 ἄν
300 804 341 847 ex
358 782 385 844 el
398 779 452 856 tv,
474 781 519 842 sic
536 780 591 844 ain
609 800 742 867 quoque
770 789 939 845 contracta
962 779 1096 845 videtur
1111 776 1197 870 sexti

166 893 225 946 ne,
246 880 283 932 nt
297 888 403 954 paene
424 864 511 928 idem
528 866 571 928 sit
589 865 680 951 quod
696 865 797 930 sire.“
860 890 865 901 ·
1215 876 1217 881 ’

170 982 175 987 ·
250 955 302 1017 Ant
318 952 420 1037 igitur
440 953 628 1015 coniunctio
646 960 713 1030 est,
738 973 821 1037 quae
835 947 1028 1036 ambiguum
1039 958 1070 1014 et
1086 948 1127 1012 ab
1141 947 1195 1013 aliis

133 1036 136 1041 ’
166 1035 436 1105 constituendum
460 1036 618 1100 iudicium
638 1045 751 1116 notat,
776 1047 807 1102 et
831 1035 1089 1100 disiunctionem
1111 1031 1194 1099 efficit

165 1126 202 1190 in
219 1125 344 1187 incerta
360 1121 576 1205 cogitatione,
598 1145 681 1208 quae
697 1132 751 1185 a'ut
767 1120 978 1186 dubitationis
996 1130 1054 1184 ant
1069 1121 1194 1184 interro-

81 1274 84 1281 ,
190 1207 307 1273 ationis
323 1206 470 1271 formula
487 1208 696 1294 exprimitur.
727 1204 990 1293 comprehendit
1005 1204 1193 1293 enimsigni·

165 1232 356 1360 bontionem
382 1293 533 1367 vocabuli
559 1294 666 1378 graeci
690 1291 730 1375 ii,
762 1291 871 1379 qnod,
899 1305 969 1354 non
992 1289 1198 1355 diversum-nb·
1254 1327 1260 1339 ·

166 1373 204 1462 ἦ,
230 1388 267 1443 ut
282 1379 500 1443 Ruttmaunus
526 1379 720 1454 arbitratui,
749 1377 996 1464 ambiguitatem
1020 1375 1192 1443 disiunctio·
1258 1455 1260 1459 .

167 1466 221 1531 nis
237 1465 271 1528 in
287 1465 453 1528 sententiis
468 1464 667 1528 disiunctivis
685 1464 765 1529 etin
780 1461 1113 1550 interrogationibus,
1128 1480 1192 1549 'quas

168 1551 210 1615 nd
234 1550 299 1614 hoc
324 1571 425 1636 genus
468 1552 626 1626 ertinent,
648 1548 817 1634 signifieat.
866 1548 937 1612 Nos
962 1546 1093 1625 duobus
1114 1560 1191 1613 vota·

167 1635 252 1701 bulis
273 1634 357 1700 oder
373 1645 406 1699 et
421 1572 464 1699 ob
475 1637 618 1716 utimur,
650 1657 795 1722 quorum
810 1634 878 1700 vim
894 1633 1151 1697 coniunctamin
1167 1652 1191 1697 sc
1251 1656 1258 1685 t

166 1720 267 1786 babet
293 1720 433 1785 latinum
455 1745 519 1801 an,
553 1722 576 1785 i.
596 1744 623 1786 c.
647 1720 730 1785 oder
756 1717 808 1784 od.
851 1720 958 1806 Atque
984 1717 1053 1782 boo¹
1079 1717 1191 1782 nomino

167 1807 278 1872 diflert
293 1830 310 1871 a
324 1805 485 1894 particula
508 1817 587 1882 arat,
599 1810 600 1815 ’
611 1828 693 1891 quae
715 1805 971 1870 disiunctionem
991 1824 1108 1868 rerum
1123 1800 1190 1868 indi·
1249 1801 1260 1896 ι’

167 1903 239 1972 eat,
263 1914 334 1956 non
350 1891 576 1978 cogitationis:
597 1912 799 1981 quamquam
815 1898 910 1975 sunt,
934 1889 1107 1981 inquibus
1127 1910 1190 1980 pro·

166 1978 259 2043 xime
273 2000 307 2041 se
321 1977 491 2063 attingant.
1144 1977 1148 1987 '

272 2098 326 2149 Cio.
343 2097 376 2148 de
390 2097 449 2148 Fin.
470 2096 501 2162 1,
521 2097 573 2160 21,
590 2093 632 2151 72.
650 2116 687 2153 an
707 2093 758 2152 ille
779 2107 889 2167 tempus
906 2106 958 2150 aet
982 2098 1012 2149 in
1030 2090 1191 2166 poetisaaol·
1252 2110 1260 2149 t

235 2181 349 2245 vendis,
381 2191 413 2234 ut
432 2199 484 2251 ego
505 2193 533 2236 et
560 2183 700 2246 Triarius,
728 2191 755 2234 te
774 2180 933 2245 hortatore.
953 2177 1099 2265 sacimas,
1118 2196 1191 2247 cons
1252 2183 1259 2232 t

236 2277 339 2329 marat,
356 2293 391 2307 -
407 2277 460 2319 ant
480 2285 526 2330 sa,
547 2277 578 2319 nt
600 2265 700 2330 Plato,
726 2268 756 2320 in
778 2266 906 2329 musicis,
930 2268 1099 2339 geometria,
1122 2283 1192 2320 nant·
1255 2267 1260 2317 t

236 2353 284 2415 ris,
300 2354 385 2404 astris
410 2351 583 2406 contereret?
607 2351 640 2403 de
669 2355 743 2402 Orat.
765 2352 800 2416 1,
817 2351 852 2417 9,
871 2351 915 2405 87.
941 2371 979 2408 an
1000 2370 1067 2406 vero
1086 2351 1135 2407 tibi
1152 2350 1192 2407 llo·
1229 2381 1237 2393 ι
1258 2362 1260 2383 t

237 2435 329 2489 mulus
347 2434 398 2490 ille
416 2450 465 2489 aut
482 2447 610 2506 pastores
629 2446 657 2490 et
675 2455 811 2493 convenas
828 2454 1010 2509 congregasse
1024 2447 1077 2492 ant
1098 2434 1195 2492 Sabino·

236 2542 299 2575 rum
324 2519 463 2576 connubia
492 2524 667 2576 coniunxisse
687 2531 739 2578 oct
758 2520 946 2591 finitimorum
971 2527 1040 2586 vim,
1054 2523 1198 2594 repressisse

237 2606 398 2681 eloquentia
429 2606 554 2670 videtur,
591 2625 648 2659 non
676 2605 792 2660 consiliu
820 2617 849 2662 et
878 2611 1021 2678 sapientie
1052 2602 1199 2681 singulari?

236 2692 269 2744 de
288 2697 362 2750 Orat.
383 2691 416 2757 1,
432 2691 483 2756 38,
503 2690 561 2744 173.
588 2710 673 2762 quum
689 2695 824 2756 omnino,
846 2692 913 2763 qaid
940 2711 1038 2761 snum,
1053 2691 1122 2766 quid
1145 2689 1207 2753 alis·

236 2797 318 2845 nunc,
338 2797 423 2850 quare
439 2776 557 2848 dariique
576 2780 645 2831 civis
660 2797 697 2831 an
720 2780 892 2849 peregrinus,
913 2796 1008 2834 umus
1022 2797 1060 2831 an
1082 2777 1152 2833 tiber
1166 2774 1211 2829 sits

234 2865 351 2933 ignoret.
385 2862 502 2914 Budaeus
528 2862 623 2930 aliique
650 2854 821 2916 correxerunt
848 2874 899 2916 aut
914 2848 1091 2934 peregrinari,
1116 2873 1165 2916 aut
1181 2854 1218 2910 li·

237 2945 304 3021 berc
330 2948 402 3018 quod
424 2949 503 2999 habet
525 2949 605 2999 etiam
624 2948 684 3000 cod.
699 2949 800 3000 Ertbrt.
834 2949 945 3021 Philipp.
963 2947 1011 3013 13,
1031 2947 1084 3013 17,
1102 2945 1145 3001 35.
1169 2943 1224 2999 de·

236 3033 351 3105 precati
368 3053 405 3088 an
426 3036 550 3101 corrupti
566 3024 646 3095 sunl,
664 3030 763 3103 quibus
780 3020 942 3102 persuasam
960 3044 1002 3086 est
1013 3026 1234 3104 foedissimum-

236 3116 344 3172 bostem
364 3118 516 3171 iustissimo
536 3114 611 3169 bello
629 3116 782 3188 persequi?
803 3118 849 3169 alii
866 3118 927 3171 libri
944 3119 1089 3192 praebent,
1117 3117 1232 3188 depra‘

234 3206 296 3256 vati
314 3212 366 3254 aut
392 3203 514 3270 corrupti
537 3211 620 3266 saint,
640 3199 739 3273 quibus
758 3231 793 3242 -
811 3205 949 3273 persequi.
969 3202 1042 3272 quod
1058 3203 1145 3272 ipsum
1162 3205 1234 3254 nou

237 3288 340 3340 falsum.
383 3287 520 3338 Ernestius
542 3287 611 3338 inter
637 3288 764 3340 vocabula
788 3306 933 3359 synonyma
956 3289 1147 3361 necessarium,
1160 3291 1236 3343 essO

236 3374 345 3445 putabat
360 3390 401 3424 ac.
437 3372 489 3423 Sed
509 3389 563 3423 non
582 3383 642 3426 sunt
658 3391 811 3445 synonyma.

268 3475 413 3529 Discrimen
442 3477 578 3544 utriusque
604 3478 749 3545 particulae
772 3478 826 3532 iarn
850 3475 1004 3542 'l‘homnsius
1031 3475 1086 3541 itu,
1112 3486 1145 3529 nt
1168 3482 1231 3528 no!
1251 3487 1257 3499 ¹

236 3563 355 3626 fecimus,
373 3561 510 3628 concepit:
529 3560 576 3612 ille
595 3572 693 3628 autem,
711 3564 756 3632 qui
773 3563 938 3615 novissimum
951 3561 1096 3615 Tursellini
1113 3551 1227 3615 'editio‘

235 3665 295 3698 nem
311 3645 427 3710 curarit,
443 3654 519 3698 notat
538 3664 565 3696 se
583 3647 611 3698 id
629 3663 683 3698 non
700 3648 858 3716 intelligere.
894 3649 970 3700 Conf.
986 3665 1043 3700 voc.
1062 3663 1123 3723 arr.

247 3747 490 3828 Dubitationis,
512 3749 546 3811 in
564 3769 629 3834 qua
645 3750 725 3835 qnid
744 3751 858 3815 locum
875 3761 1002 3830 teneat,
1025 3759 1222 3814 antrorum

165 3833 225 3910 sit,
256 3835 454 3898 constituere
477 3855 548 3896 non
574 3832 752 3916 audemus,
789 3836 940 3901 sedabis
969 3835 1218 3900 decernendum

164 3918 401 4004 relinquimus,
424 3929 456 3983 et
478 3919 766 4004 interrogationis,
793 3924 922 4008 quarsi
938 3921 1216 3985 constitutionem

164 4004 203 4067 ab
224 4026 282 4083 eo,
306 4004 483 4093 qui'audit,
506 4005 711 4091 expetimus,
731 4029 798 4071 nna
822 4016 872 4072 est
897 4009 982 4072 ratio
1005 4017 1108 4093 atque
1128 4027 1214 4070 unns

99 4147 101 4151 .
164 4089 295 4153 modus.
340 4092 451 4170 Quare
467 4091 674 4177 grammatici
690 4093 804 4159 omnia
818 4093 971 4183 exempla
985 4113 1054 4159 uno
1074 4093 1215 4161 nomine

301 4234 323 4263 Χ
