2618 4770
310 310 341 391 g
406 256 709 384 suove-nu.
783 298 787 337 2
860 260 894 361 s
1008 301 1098 371 'iis
1186 277 1190 285 ’

116 459 178 526 aa,
186 459 228 514 21.
248 457 333 527 upon.
350 456 393 523 15,
403 455 429 508 ⁵.
446 458 500 508 vn.
518 457 629 511 nenne.
648 467 676 508 n
692 457 833 509 uernans.
850 457 883 509 ae
895 447 948 511 sa.
969 460 993 527 1,
1012 463 1037 531 1,
1056 464 1101 518 45.

117 550 226 597 Sueton.
247 547 320 596 Caes.
341 543 382 594 14.
399 549 567 599 sententiam
582 572 616 583 ·—
633 542 712 596 uelut
726 545 841 612 grauius
860 554 945 615 atque
963 550 1024 620 ipse
1040 568 1100 606 sen·

72 676 78 687 .
116 634 215 696 sissot,
236 641 387 699 exceptam.
426 631 467 681 cf.
488 629 770 685 Schellerifobservat.
788 647 815 696 p.
832 627 892 680 516.

157 735 177 784 E*
193 733 330 785 Ciceronis
348 733 424 783 libris
443 730 553 783 affertur
572 731 606 782 ad
630 730 709 783 Attio.
728 727 777 796 18,
796 728 822 780 2.
844 730 913 785 milii
931 735 1042 805 quidem
1059 744 1100 796 υἱ.
1132 744 1134 749 “

118 819 197 871 detur
216 821 302 872 etiam
321 817 425 872 diutius
444 811 578 885 afiitnrus
606 836 640 867 ac
660 815 773 868 nollem.
815 816 866 865 Sed
892 818 957 871 haec
985 834 1101 880 extrema
1176 814 1177 818 Ἰ

118 905 199 963 verba
219 903 376 970 seiungenda
391 912 452 953 sunt
464 919 485 953 a
501 900 696 971 superioribus,
723 910 753 950 ut
776 916 879 950 sensum
906 903 1035 960 habeant:
1057 930 1102 964 ·a‹,·

122 986 368 1043 tamen.nollem.‘
422 1033 424 1041 .

155 1093 333 1166 Antecedente
359 1087 501 1154 negatione
517 1084 635 1150 seqnitur
659 1093 742 1153 atque
760 1095 798 1136 ut.
825 1087 930 1139 Plautus
950 1093 1008 1144 Cas.
1025 1095 1056 1162 5,
1076 1098 1101 1166 1,
1163 1167 1166 1172 .
1187 1149 1191 1173 ὶ

123 1175 148 1229 7.
169 1197 216 1230 uec
228 1173 386 1244 fallaciam
406 1174 568 1224 astutiorem
589 1168 665 1221 ullus
676 1165 753 1239 fecit
769 1181 854 1241 poeta
881 1187 964 1246 atque
985 1191 1016 1233 ut
1035 1181 1102 1239 daeo

121 1273 165 1314 est
176 1257 265 1331 fabre
280 1257 367 1331 facta
384 1278 403 1310 a
425 1252 514 1307 nobis.

140 1368 190 1429 18.
219 1365 398 1435 Bineses,
417 1380 500 1444 quae
516 1377 584 1419 uno
602 1364 755 1442 tempore
772 1357 878 1421 factae
893 1374 980 1443 sunt,
998 1389 1103 1453 quum

46 1449 88 1511 ‘in
105 1470 209 1533 aequo
225 1458 394 1534 ponantur
409 1454 440 1508 et
463 1441 586 1523 unitate
608 1442 769 1528 temporis
793 1442 1006 1531 cohaereant,
1027 1453 1103 1518 foi·-

53 1535 164 1596 mulae
179 1533 265 1596 fiunt
278 1531 456 1596 verborum
480 1527 716 1613 simulatque,
736 1528 851 1613 princi
876 1529 909 1617 iu
928 1545 1047 1625 ogque,
1070 1531 1104 1604 (ξι
1126 1591 1127 1594 ,

55 1619 142 1704 apud
159 1618 358 1683 recentiores
376 1551 1033 1710 scripiffli't'ilfftfflffltiffig'dffihodo
1047 1629 1106 1688 atss
1141 1666 1143 1671 «

56 1705 162 1788 quein
180 1703 349 1767 nectendis
364 1698 533 1765 sententiis
550 1682 753 1779 adhibeatur,
768 1721 809 1762 ne
820 1721 894 1762 cum
905 1702 1062 1775 Schiitzio
1073 1721 1106 1772 et
1190 1759 1192 1762 ι

10 1818 13 1830 ·
55 1789 240 1852 Forcellino
259 1789 484 1852 existimemus
500 1786 535 1848 in
543 1784 645 1848 Plauti
656 1784 758 1847 Mero.
769 1789 800 1863 3,
811 1792 839 1859 1,
851 1786 904 1849 34.
915 1786 968 1855 itu
985 1792 1108 1879 edepol

58 1875 192 1959 depcrit
215 1887 265 1954 te,
288 1885 388 1960 atque
410 1870 683 1955 nodieprimnm
708 1868 805 1932 uidit.
831 1882 931 1957 utque
958 1879 1108 1962 positum

60 1982 129 2025 esse
144 1983 208 2047 pro
224 1959 327 2024 simul
342 1969 462 2044 utque,
490 1956 643 2042 deinceps
668 1955 996 2026 animadvertendum
1013 1966 1085 2029 erit.

170 2082 211 2132 De
237 2069 324 2132 verbis
349 2077 433 2131 simul
455 2087 538 2147 atque
562 2082 611 2127 sno
636 2076 695 2137 loeo
717 2057 841 2131 diceinns.
876 2079 960 2134 Plaut.
977 2086 1060 2139 Mero.
1080 2086 1106 2152 1,

127 2163 152 2227 1,
173 2163 215 2214 10.
234 2167 373 2233 principio
392 2173 477 2230 atque
493 2167 601 2217 animus
616 2160 728 2231 ephebis
742 2173 837 2216 aetate
853 2167 930 2218 exiit.
948 2195 982 2208 -
1000 2173 1110 2240 leiun.

127 2250 187 2315 Dig.
211 2247 263 2312 21,
289 2249 322 2313 1,
346 2244 397 2313 25,
423 2246 448 2297 8.
476 2247 562 2301 iudici
587 2251 678 2310 enim,
704 2249 801 2300 statim
825 2259 909 2318 atque
928 2248 1029 2320 factus
1053 2268 1108 2320 est,
1200 2244 1218 2302 s
1275 2313 1279 2319 .

125 2337 248 2385 omnium
275 2352 364 2386 rerum
390 2329 517 2402 officium
545 2332 686 2387 incumbit.
733 2334 835 2384 Paullus
858 2336 918 2402 Dig.
946 2337 1110 2406 16,1,24.
1209 2356 1211 2362 ’

68 2451 71 2456 ·
127 2423 270 2489 quamuis,
289 2420 388 2470 statim
404 2427 488 2486 atquo
503 2420 675 2483 intercessit,
693 2419 790 2473 mulier
809 2425 999 2490 competierat.

160 2526 214 2586 19.
241 2521 306 2585 Vbi
323 2520 419 2584 alicui
434 2520 566 2584 notioni
585 2520 664 2601 aliu,
696 2543 778 2606 quae
800 2533 956 2609 negatur,
989 2526 1108 2591 defini-

59 2606 159 2668 tionis
176 2629 288 2671 canssa
305 2606 526 2691 adiungenda,
545 2605 687 2691 ideoque
702 2608 738 2668 in
756 2629 861 2693 aequo
878 2612 1032 2694 ponenda
1049 2625 1110 2689 est,

50 2715 132 2754 eam
149 2692 265 2755 Latini.
278 2714 348 2755 non
370 2715 430 2779 per
448 2715 509 2755 nec
520 2739 529 2770 ,
553 2691 610 2755 sed
631 2714 694 2789 per
704 2715 846 2790 w*
865 2704 947 2757 sumv
963 2707 1111 2780 nectunt,
1136 2706 1140 2729 ,ι
1232 2690 1235 2701 ³

33 2779 46 2857 j
62 2799 167 2863 quum
190 2778 278 2841 inter
294 2788 468 2863 utramque
485 2777 654 2841 intercedit
675 2789 968 2863 oppositiorecta,
991 2785 1026 2847 in
1044 2806 1109 2870 qua

63 2864 162 2927 etiam
179 2864 335 2950 copulam
356 2865 508 2927 omittere
526 2862 614 2927 licet.
656 2862 743 2925 lllud
764 2864 874 2943 enim,
903 2868 991 2951 qnod
1017 2882 1112 2937 antea

13 2944 27 3029 j*
62 2950 187 3012 dictum
208 2960 271 3030 est,
291 2948 414 3012 iterum
435 2949 585 3034 negativa
600 2949 739 3011 notione
756 2950 975 3017 constituitur.
1005 2955 1048 3020 Et
1065 2957 1111 3020 ita

10 3019 37 3078 f
61 3035 232 3120 loquitur,
258 3035 318 3119 qni,
338 3057 392 3110 ea,
425 3057 507 3119 quae
530 3045 788 3120 praecesserant,
822 3037 956 3124 corrigit
977 3043 1112 3125 potiore

61 3121 211 3185 nomine.
231 3195 238 3203 .
256 3118 321 3182 Sed
340 3118 952 3208 differshie,n,s,i1‚,s...‚nu.ertiis.stnm‚
977 3129 1053 3210 qnia
1077 3128 1113 3190 in

10 3216 45 3291 25„
64 3228 107 3269 ac
142 3229 210 3268 non
239 3205 325 3267 inest
351 3190 782 3290 iiiddbffdonseqiiutionis
812 3207 867 3269 vel
890 3211 1111 3275 conclusionis

62 3290 231 3357 indicium.
265 3290 331 3353 Nos
349 3291 486 3355 dicimus
503 3290 578 3358 und,
589 3313 626 3352 so
643 3290 754 3362 nicht,
778 3292 849 3354 und
865 3298 993 3359 sonucli
1007 3293 1112 3360 nictit.

62 3378 151 3440 Haec
176 3397 253 3440 vero
286 3375 386 3438 etiam
418 3372 972 3464 pronuntiationedistinguuntur.
1026 3383 1113 3446 Num

63 3461 122 3525 ubi
142 3484 183 3525 ac
201 3485 270 3526 non
288 3461 416 3542 dicitur,
428 3483 495 3527 vox
510 3460 695 3548 paullulum
710 3473 788 3546 post
801 3486 842 3549 ac
861 3464 1018 3542 subsistit,
1042 3488 1110 3552 qno
1205 3472 1207 3478 ’

65 3548 200 3632 gravior
214 3547 261 3610 vis
276 3546 470 3633 imponatur
487 3546 648 3611 vocabulo
673 3570 753 3611 non.
798 3548 986 3613 Seiunctam
1009 3573 1138 3638 nega-»¹

66 3635 195 3698 tionem
212 3633 374 3696 maiorem
391 3632 458 3696 vim
478 3633 513 3695 in
537 3654 572 3696 se
597 3631 739 3713 habere,
770 3655 869 3720 qnam
893 3655 975 3719 quae
995 3635 1030 3700 in
1054 3661 1116 3702 nec
1166 3644 1168 3649 ’

71 3739 148 3783 cum
166 3717 399 3782 coniunctione
412 3717 592 3796 coalescat,
620 3740 681 3804 per
702 3741 737 3781 se
758 3729 857 3804 patet.
902 3718 999 3783 Conf.
1024 3723 1116 3787 Heu-

29 3864 35 3874 ,
61 3802 196 3889 'singeri
215 3801 387 3866 Emendat.
403 3827 436 3889 p.
454 3804 528 3868 457.
565 3804 668 3890 Saepe
691 3826 733 3866 nc
755 3805 877 3867 nonin
901 3808 1117 3872 correctionis

11 3886 20 3898 ”
71 3887 221 3953 formula
237 3898 347 3974 potest
363 3889 521 3974 explicari
537 3911 597 3974 per
612 3912 654 3952 uc
671 3912 738 3952 non
747 3889 884 3972 potius,
904 3893 994 3977 quod
1007 3895 1118 3980 ipsum

71 3975 148 4039 alias
169 3972 301 4060 legitur.
345 3973 502 4038 Matthiae
519 3973 559 4038 ad
568 3975 637 4038 Cic.
652 3973 756 4058 Epist.
773 3979 804 4037 9.
825 3997 857 4060 p.
876 3981 926 4039 17.
936 3979 987 4040 46.
997 4001 1029 4064 p.
1043 3979 1115 4044 124.

71 4159 78 4168 ῃ
109 4098 114 4103 ”
170 4092 238 4144 ‘Cio
256 4091 288 4143 de
303 4073 372 4160 lieg.
393 4091 424 4156 1,
440 4093 493 4157 20,
509 4091 551 4146 54.
570 4111 739 4166 perparuam
756 4112 820 4148 vero
843 4103 1057 4152 controuersiam
1072 4101 1115 4155 dt-

140 4179 196 4244 cis,
209 4197 242 4233 ac
260 4195 318 4233 uon
333 4194 411 4244 eam,
438 4176 509 4249 quae
529 4176 644 4234 dirimat
662 4181 765 4232 oinnia.
786 4200 814 4250 p.
831 4183 915 4235 Demo
935 4181 986 4250 50,
1003 4183 1061 4239 128.
1080 4188 1117 4240 sit

10 4239 271 4358 opp...
287 4254 525 4359 nina..
619 4313 648 4359 2

10 4329 524 4427 td2,tiiwutld4puw7mo
610 4386 611 4391 κ

10 4406 582 4587 nemore:
