2618 4770
615 348 661 429 A,
683 336 777 425 Ἀν,
822 343 912 410 Ars

311 496 443 563 absdiute
474 504 560 557 malle
586 508 720 574 accipere.
748 502 932 558 'emendarunt
967 500 1107 555 inmisistis
1138 513 1166 556 et
1187 503 1234 555 aiii

314 595 425 648 salutes
444 592 513 659 quod
531 591 667 642 Ernestius
682 589 805 657 explicat,
824 589 858 639 ob
875 588 1002 651 salutem,
1027 589 1061 638 ab
1077 605 1109 640 ea
1125 590 1213 658 parte,
1228 608 1288 658 qnae

310 683 420 733 salutem
440 677 524 746 petit:
550 674 686 749 Schtitzius
710 685 813 737 autem,
839 674 871 723 ab
893 691 923 724 ea
940 683 1033 740 parte,
1053 691 1119 741 quac
1137 676 1286 727 absolvere·

312 779 354 819 tur
375 761 488 814 iudicio:
515 764 586 831 quod
601 779 653 812 uno
666 758 794 813 vocabulo
811 760 901 809 salutis
916 775 969 809 non
987 777 1137 828 expressum
1152 770 1205 811 est.
1239 763 1299 837 Le·¹

260 866 263 875 ·
309 845 421 918 gendum
441 848 505 898 mihi
526 848 646 909 videtur,
678 855 837 916 praetorem
867 855 959 896 tamen
986 842 1023 896 ab
1048 843 1181 899 absoluto
1208 840 1299 918 malle]

309 937 443 1005 accipere,
460 933 478 984 i.
496 951 519 983 c.
540 934 572 984 ab
590 949 631 995 eo,
647 932 691 998 qui
708 929 807 981 iudicio
821 931 954 981 absolutus
973 940 1050 981 esset.

324 1036 402 1101 Non
426 1041 575 1098 mutatur
597 1031 679 1095 hacc
703 1033 808 1112 ratio,
829 1031 887 1095 ubi
911 1055 974 1111 res,
994 1053 1076 1118 quae
1093 1055 1243 1101 caussam
1258 1047 1299 1102 et·-

243 1121 453 1186 occasionem
477 1119 629 1206 praebet,
670 1115 706 1180 in
729 1117 804 1204 ipso
831 1118 969 1181 actionis
996 1119 1134 1184 consilio
1160 1144 1200 1184 ce
1225 1119 1284 1204 fine

240 1206 349 1296 posita
364 1215 431 1287 est,
471 1204 560 1284 velut
584 1203 742 1295 explicari
766 1203 874 1290 possit
895 1202 938 1268 ab
961 1202 1064 1267 irrisu
1088 1226 1161 1295 per,
1179 1206 1221 1270 cd
1240 1207 1284 1271 ir-

232 1291 512 1357 'risum.·'
816 1286 1214 1369 ,'.'‘

230 1374 232 1380 '
343 1375 432 1428 Livius
451 1372 486 1436 7,
505 1373 555 1436 10,
572 1371 598 1426 5.
626 1369 759 1428 adversus
788 1371 907 1428 Gallum
929 1368 1034 1429 stolide
1056 1371 1162 1428 laetum
1184 1387 1212 1430 ct
1235 1375 1282 1436 tin

144 1454 154 1469 ’
237 1466 248 1479 “
306 1479 390 1533 guam
408 1461 494 1512 etiam
508 1456 544 1510 ab
563 1463 645 1515 irrisu
664 1466 833 1514 exserentem
847 1459 1013 1530 producunt.

320 1566 353 1626 8.
383 1568 423 1627 In
450 1558 503 1625 his
527 1561 728 1629 considerari
758 1558 860 1627 debet
873 1561 1069 1644 discrimen,
1100 1584 1168 1649 quo
1188 1560 1278 1653 prce-

229 1648 421 1738 ,positiones
443 1646 488 1710 ab
513 1654 540 1710 et
570 1647 612 1713 de
634 1649 885 1735 distinguantur.
913 1644 1009 1710 Ratio
1035 1651 1102 1711 eius
1117 1648 1154 1712 in
1167 1670 1277 1738 prom·

237 1746 298 1825 ptu
321 1744 380 1797 est.
403 1751 471 1817 „A
494 1732 590 1797 etde
614 1734 786 1798 differunt:
817 1756 838 1797 a
861 1742 941 1795 nota
958 1742 1005 1795 cst
1021 1734 1220 1820 agentime
1239 1746 1283 1800 est

229 1831 319 1888 ..nota
337 1818 492 1883 obiecti.“
517 1817 696 1886 Goclenius
720 1819 755 1882 in
769 1817 935 1895 Problem.
954 1818 1066 1882 Grnm.
1084 1824 1115 1884 3.
1134 1823 1188 1884 42.
1217 1821 1285 1884 Pli-

198 1906 312 1981 ·„nius
326 1903 433 1990 Epist.
451 1904 487 1982 4,
512 1907 543 1983 7,
564 1898 596 1966 7'.
616 1903 737 1968 credes
756 1924 826 1968 non
844 1901 886 1966 de
897 1923 1007 1988 puero
1022 1905 1204 1990 seriptum,
1227 1905 1285 1970 sed

192 2035 210 2054 ⁴·
237 2013 262 2055 e
276 2011 398 2076 puero.
442 1987 629 2067 „Ausonius
645 1990 680 2053 in
699 1986 1039 2053 Commem.Pr0fess.
1057 1995 1095 2071 1,
1117 1995 1168 2055 12.
1192 2001 1283 2079 teque

229 2095 372 2153 'cenam-
386 2070 429 2136 de
451 2084 501 2149 te,
528 2096 596 2137 non
620 2071 664 2138 alr
679 2073 806 2137 honore
822 2095 907 2137 mec.
926 2075 1035 2139 versui
1049 2082 1181 2158 tantum
1203 2100 1287 2159 con-

237 2159 346 2223 sulere
379 2156 522 2223 voluisse
555 2155 719 2224 videtur.“
760 2158 890 2222 Reizius
920 2160 957 2241 in
982 2160 1120 2225 Miscell.
1147 2160 1280 2227 Observ.

191 2250 200 2258 ”
238 2243 281 2308 Τ.
301 2249 352 2308 10.
376 2261 412 2329 p.
431 2247 502 2308 127.
526 2244 600 2308 Vid.
617 2239 774 2307 Hekelius
792 2245 831 2306 nd
843 2244 969 2308 Auson.
987 2246 1106 2334 Popm.
1123 2245 1165 2312 de
1179 2248 1280 2313 differ.

237 2352 272 2418 p.
289 2334 318 2393 1.
338 2330 499 2393 Goerenz.
516 2329 556 2402 ad
573 2329 642 2394 Cic.
663 2329 703 2393 de
718 2328 788 2392 rin.
806 2329 837 2409 4,
858 2335 913 2410 16,
925 2331 979 2394 45.
1169 2374 1171 2379 -

321 2448 362 2512 V.
381 2455 410 2512 1.
432 2447 481 2511 ΑΒ
504 2455 683 2536 usurpatur
706 2449 741 2511 in
756 2456 849 2535 parte
864 2447 999 2513 alicuius
1015 2446 1062 2513 rei
1076 2448 1295 2539 designandi„

179 2537 181 2541 ’
240 2543 336 2622 atquc
359 2535 432 2621 ipsa
455 2533 539 2597 ratio
550 2583 559 2614 ,
591 2555 672 2620 quae
691 2533 778 2598 inter
798 2544 905 2598 totam
920 2557 993 2597 rem
1010 2535 1143 2620 eiusque
1157 2551 1277 2625 partem

239 2621 431 2700 intercedit,
461 2618 505 2681 ita
530 2619 746 2706 exprimitur,
774 2627 812 2683 ut
856 2642 907 2682 crs
932 2641 974 2682 ex
999 2620 1150 2687 universa
1166 2647 1204 2688 rc
1226 2627 1293 2688 de:

235 2716 366 2793 sumpta
396 2704 446 2769 vel
476 2703 614 2767 deducte
638 2704 796 2770 videatur.
831 2642 915 2770 iton
939 2704 1045 2770 muita
1066 2717 1146 2773 sunt
1159 2730 1274 2776 *exem-

172 2800 178 2813 *
236 2793 309 2878 pla:
332 2789 431 2875 vulgo
448 2789 537 2852 enim
554 2790 739 2853 diciturex.

341 2910 437 2962 Caesar
463 2910 492 2960 B.
509 2910 577 2961 Gall.
599 2910 633 2975 2,
653 2907 705 2973 25,
723 2911 748 2960 1.
763 2905 914 2962 nonnullos
937 2903 972 2962 alr
990 2912 1151 2966 novissimis
1165 2910 1295 2980 desertos

303 2994 414 3066 proelio
437 2994 585 3049 excedere.-
603 3004 631 3046 et
645 2997 733 3063 paullo
753 3006 830 3064 post:
851 3004 928 3047 scuto
945 2991 981 3044 ab
996 2998 1157 3050 novissimis
1173 2999 1221 3050 uni
1234 2997 1277 3048 mi·
1296 2982 1299 2989 ¹

306 3079 355 3133 liti
370 3079 503 3133 detracto.
535 3080 624 3131 Livius
644 3077 694 3143 42,
714 3077 766 3143 60,
788 3079 812 3152 1.
842 3077 962 3132 cecidere
977 3097 1009 3133 eo
1029 3079 1074 3134 die
1089 3078 1125 3134 alr
1146 3081 1277 3135 Ennianis

257 3194 260 3204 ·
305 3163 419 3217 ducenti
434 3167 546 3236 equites.
581 3163 622 3213 Ad
642 3163 707 3216 haec
725 3165 898 3214 Schaeferus:
924 3164 1103 3226 „Graecorum
1124 3161 1203 3234 παρά
1226 3180 1298 3218 cum·

304 3247 439 3314 genitivo,
464 3266 513 3317 pro
532 3264 583 3315 quo
597 3249 698 3300 librarii
715 3266 791 3318 saepe
806 3249 921 3299 dativum
937 3249 1152 3302 substituerunt.“
1179 3254 1231 3304 Sed
1244 3250 1284 3302 il-

303 3332 350 3384 lud
365 3333 435 3384 Livii
451 3343 540 3402 potest
556 3334 634 3384 etiam
650 3334 796 3403 explicari,
818 3343 922 3402 aparte
936 3329 1131 3399 Romanorum,
1150 3331 1210 3405 auf
1226 3332 1289 3389 Sei·

231 3402 236 3415 ’
261 3448 264 3453 1
305 3429 352 3472 ten
373 3417 420 3472 der
441 3419 555 3472 Rdmer.
592 3417 744 3484 Curtius‘4‚
759 3410 795 3482 4,
811 3416 837 3468 7.
854 3434 946 3489 prima
962 3439 979 3470 a
995 3411 1189 3474 Macedonum
1205 3418 1291 3474 navi·

306 3499 358 3554 bus
370 3504 571 3575 quinqueremis
585 3503 740 3569 velocitate
756 3504 827 3556 inter
844 3513 946 3557 ceteras
959 3509 1079 3558 eminens
1094 3509 1220 3562 occurrit.
1230 3493 1294 3557 ¹ubi

304 3589 351 3656 alii
366 3589 442 3639 codd.
457 3607 480 3640 e.
514 3590 546 3637 In
560 3590 649 3642 Valer.
662 3590 732 3641 Max.
748 3583 776 3653 4,
791 3585 816 3638 5.
838 3599 891 3639 ext.
906 3588 932 3640 2.
946 3590 1134 3642 restituendum
1150 3602 1191 3643 est
1206 3610 1220 3643 e
1233 3582 1294 3643 co*

303 3670 420 3724 ilicibus.
453 3670 552 3742 ferunt
580 3672 642 3728 hinc
667 3691 749 3727 unum
772 3692 791 3725 a
814 3672 1049 3730 Lacedaemoniis
1078 3675 1192 3731 dixisse.
1228 3676 1296 3726 cic·

302 3777 351 3827 pro
367 3761 437 3810 Sext.
451 3754 500 3820 65,
522 3755 580 3810 137.
600 3758 785 3832 deligerentur
802 3771 896 3812 autern
913 3763 942 3813 in
960 3759 991 3813 id
1008 3760 1155 3814 consilinm
1169 3757 1205 3813 ab
1223 3757 1296 3814 νηί·

302 3860 382 3896 verso
411 3841 529 3912 populo.
568 3842 703 3895 Ernestius
728 3861 785 3894 cum
817 3844 931 3897 Graevio
965 3840 1078 3896 coniecit
1110 3863 1145 3899 ex
1174 3849 1296 3900 nniver'

302 3945 333 3978 sc
350 3917 477 3997 populo,
504 3923 551 3978 sed
569 3929 626 3979 iure
648 3929 767 3980 defendit
784 3929 943 3981 Garatonius
958 3929 1032 3980 illud.
1059 3930 1185 3982 Similiter
1193 3933 1293 3999 Grce‘

221 4068 226 4077 Ι
302 4013 326 4061 ci
350 4015 448 4079 γαμεῖν
476 4006 524 4067 dn’
548 4009 656 4068 sinidi
686 4023 714 4066 et
742 4009 772 4068 in
794 4015 937 4083 γενναίων.
961 4015 1014 4069 vid.
1033 4014 1148 4067 Elmslei.
1172 4015 1207 4066 nd
1220 4017 1292 4068 Eur·

300 4097 405 4148 Heracl.
426 4096 487 4149 300.

331 4181 454 4234 Formula
477 4181 577 4252 vulgari
599 4160 720 4238 sermone*
736 4174 881 4256 conposita
907 4181 1009 4239 vldetur
1022 4179 1121 4238 'inesse
1139 4185 1168 4238 iu
1192 4183 1288 4240 verbis
