2618 4770
648 34 651 41 '
727 38 735 69 t

307 324 313 339 '
370 320 648 425 ‘aumasvm
669 334 908 413 abvnasvs.
1115 356 1176 419 179

123 500 160 565 do
182 498 337 564 ovillus.
344 519 414 585 pro
431 500 621 563 minime.
664 498 831 585 Equidem
849 498 1059 569 derivationis
1075 500 1172 571 ¹iun-

126 588 313 653 dcmentum
328 598 401 648 esse
415 594 499 671 puto
520 607 655 661 verena,
675 585 768 669 quod
784 608 803 649 a
819 596 911 649 verto
928 589 1047 655 eodem
1065 594 1170 658 modo

109 672 243 737 ,iactam
258 678 318 751 cst,
335 690 404 756 quo
419 669 537 733 demus
561 694 579 733 a
604 669 723 749 demo,
745 683 842 734 tenus
858 693 877 734 a
892 682 1000 738 teneo·
1042 675 1089 740 Et
1103 678 1170 742 sie-

129 758 170 823 vti
193 754 332 821 demum
352 755 525 819 dicebatur
541 755 624 819 olim
647 754 783 830 demus,
822 756 921 821 ctiam
943 776 1060 825 rursus
1088 784 1170 841 rur-¹

133 866 193 909 um
206 852 240 907 et
255 862 413 927 proi-ruo,
430 841 452 903 i.
472 863 499 905 c.
516 856 705 927 proversus,
715 862 889 926 prorsum,
912 864 1051 929 quorsus
1066 864 1170 934 quor-

135 952 209 1003 acm,
231 926 395 992 adversus
411 925 593 991 adeersum
609 920 655 989 du
680 926 734 989 lici
749 926 862 997 forma
875 933 1064 1015 composita
1080 946 1168 1000 sunt.

138 1015 229 1095 Quare
247 1012 549 1100 conparticipium
571 950 792 1100 inteliigemus
809 1013 953 1078 adverbii
974 1015 1052 1080 loeo
1073 1021 1170 1104 posi-

139 1113 209 1179 tum,
231 1097 289 1162 sed
305 1119 523 1163 communem
546 1120 624 1161 etun
642 1120 682 1162 eo
708 1097 810 1161 fuisse
834 1101 998 1185 originem
1020 1103 1086 1189 ipsi
1108 1104 1169 1168 ad-

89 1248 91 1255 ,
122 1185 250 1267 'verbio,
273 1184 366 1270 quod
381 1198 453 1247 non
469 1183 563 1248 aliter
580 1182 784 1264 formatum,
809 1182 1090 1272 quamsunditue‚
1100 1211 1169 1275 pe-

141 1272 230 1346 ritus,
254 1268 440 1335 mordicus.
483 1268 600 1355 Neque
624 1267 765 1356 amplius
791 1268 1031 1349 dubitabimus„
1057 1286 1192 1349 utrum,
1231 1336 1234 1343 .

88 1362 91 1368 ’
142 1356 328 1437 adverbium,
355 1377 397 1419 an
421 1354 627 1503 praepositio
651 1355 856 1419 nominanda
876 1356 930 1418 sit.
981 1352 1172 1425 Perizonius

111 1440 117 1523 j
142 1440 302 1507 adSanetii
318 1439 401 1504 Min.
455 1446 509 1504 .1.
531 1462 567 1526 p.
591 1441 663 1503 174.
686 1438 880 1504 adverbium
906 1440 1171 1511 arbitraturesse

88 1534 117 1609 j,
143 1548 198 1593 cna
213 1526 462 1625 praepositione
479 1524 724 1611 compositum,
751 1525 849 1588 sicuti
865 1548 1009 1610 prorsus
1035 1541 1068 1594 et
1089 1554 1170 1596 rur-

88 1620 91 1625 '
120 1636 197 1695 ius,
217 1612 360 1697 ideoque
376 1610 435 1675 ubi
450 1634 527 1691 eum
543 1611 728 1676 accusativo
745 1616 971 1698 componatur
981 1654 991 1694 ,
1014 1627 1171 1702 repeten-

142 1698 198 1763 dam
211 1720 285 1775 csse¹
321 1697 584 1783 raepositionem
602 1694 669 1776 od,
694 1718 777 1783 quae
793 1697 828 1761 in
844 1692 1091 1784 compositione
1109 1722 1170 1789 ap-

141 1793 241 1871 pareat.
317 1783 483 1848 tVossius
508 1780 548 1845 de
567 1781 706 1881 Analog.
732 1785 763 1846 4.
792 1805 827 1868 p.
843 1784 919 1871 260.
946 1784 1170 1852 accusativum

141 1868 191 2017 1ῗί
213 1866 381 1934 existimat
402 1868 435 1933 vi
460 1867 583 1955 prioris
608 1876 732 1955 partis,
761 1876 799 1930 ut
815 1868 979 1932 oclverous
996 1870 1113 1935 urbem
1128 1874 1170 1936 sit
1234 1882 1237 1887 '
1270 1870 1277 1885 ’

130 1952 159 2017 'c
188 1952 300 2020 arbem
325 1976 452 2019 versuo·
494 1953 560 2017 Sed
584 1952 652 2017 iam
678 1946 834 2035 Vrsinus,
862 1975 1010 2040 quocum
1033 1956 1171 2021 Perizo-

143 2038 197 2125 piva
224 2048 351 2105 temere
380 2042 525 2126 pugnat,
561 2039 734 2103 veritatem
765 2038 815 2102 rei
844 2060 922 2125 pers
948 2046 1077 2123 exerat,
1118 2052 1170 2125 et,

123 2116 257 2211 tndem
270 2125 434 2189 eiusmodi
458 2124 587 2211 ellipsin
604 2122 667 2188 sibi
683 2130 855 2211 supectam
872 2062 977 2189 vidiat
989 2124 1170 2210 affirmans,

132 2196 313 2291 biterbium
338 2210 464 2277 dixerat
482 2211 618 2273 induere
638 2210 883 2297 praepositonis
910 2218 1084 2294 naturam,
1112 2213 1171 2278 ubi

125 2297 322 2361 'aunsetivus
343 2316 436 2359 casus
456 2295 495 2359 ab
515 2317 554 2359 eo
570 2304 751 2380 regeretur.
780 2293 818 2359 Id
835 2296 923 2359 enim
938 2294 978 2359 fit
994 2320 1033 2361 eo
1052 2299 1171 2380 modo,

113 2436 117 2447 ,
143 2400 193 2465 quo
208 2381 267 2445 alia
283 2378 437 2445 adverbia
452 2403 532 2461 eum
552 2374 744 2445 nominibus
768 2381 1026 2466 coniunguntun
1069 2384 1171 2470 Atqui

143 2464 282 2531 adversus
298 2468 532 2552 componitur,
556 2465 614 2529 ubi
637 2482 763 2530 nomen
783 2458 891 2543 adest,
914 2488 992 2531 cum
1008 2470 1170 2534 aecusati-

107 2552 116 2587 “’
143 2570 188 2631 vo,
205 2570 305 2639 quum
322 2553 434 2639 ipsum
450 2552 486 2615 in
503 2574 538 2615 sc
553 2550 673 2615 habeat
688 2550 877 2633 directionis
893 2554 1087 2635 notionem,
1113 2554 1171 2619 ad-

143 2634 273 2725 diturque
297 2638 428 2714 dativo,
449 2636 508 2699 ubi
529 2636 632 2701 'verbo
650 2636 813 2702 adhaeret.
858 2639 948 2718 Quin
965 2646 1035 2702 tam
1061 2662 1173 2727 propo

142 2722 274 2789 accedere
288 2732 419 2811 potest5
441 2732 479 2785 ut
498 2744 574 2785 cum
587 2722 698 2787 dativo
715 2721 893 2787 cohaerere
910 2723 1078 2806 videatur,
1100 2726 1170 2791 vel-

107 2820 113 2833 ·
141 2804 176 2871 uti
186 2808 388 2889 inComico‚
404 2808 574 2894 quiPlauti
588 2806 1098 2896 Amphitruoneminterpolavit
1114 2811 1169 2876 Sc.

99 2923 102 2931 ·
142 2894 170 2973 2,
192 2898 242 2959 78.
272 2916 409 2959 eonius.-
442 2905 474 2956 te
504 2893 685 2957 adeersum
707 2894 806 2957 virori
828 2895 935 2959 etiam
965 2894 1171 2960 advocatum

142 2978 205 3043 volo.
228 2976 293 3044 nisi
318 2978 531 3077 participium
553 2981 659 3067 magis
684 2978 861 3066 intelligam
910 2978 974 3043 Vbi
999 2998 1078 3046 vero
1102 2983 1171 3047 dis·

86 3128 88 3133 .
139 3071 225 3129 tracto
248 3068 389 3130 nomine
413 3064 533 3128 dieitur
554 3066 604 3129 od
625 3088 660 3129 se
688 3080 818 3145 cereus,
842 3062 893 3127 ed
907 3062 1022 3132 urbem
1047 3088 1169 3150 versus,

139 3146 242 3237 deque
257 3151 366 3229 infra,
383 3166 461 3239 *per
487 3172 522 3214 se
546 3161 610 3215 stat
636 3150 829 3216 adverbium
850 3170 982 3235 versus,
1014 3152 1171 3227 directio-

138 3254 197 3303 nem
214 3242 349 3301 notans.
841 3272 845 3279 ·
1035 3256 1039 3261 ·
1089 3262 1105 3289 ¹-

149 3322 152 3329 '
200 3321 385 3386 Priscianus
399 3322 439 3387 de
454 3344 515 3387 suo
531 3342 626 3385 more
641 3340 677 3419 p.
695 3322 770 3385 976.
788 3318 863 3406 (14,
880 3323 918 3401 1,
940 3316 987 3404 5.)
1009 3318 1170 3387 adoer-

136 3422 208 3469 tum
224 3428 352 3495 quoque
367 3407 445 3472 ideo
459 3407 752 3493 praepositionem
772 3416 1071 3491 esseputooeruut,
1089 3408 1171 3493 quia

130 3508 184 3571 pro
208 3494 259 3556 ἐπί
287 3502 420 3579 graeco
442 3488 706 3601 praepositione
739 3491 825 3555 solet
857 3491 1047 3578 aliquando
1070 3492 1170 3575 poni.

136 3572 273 3655 (ὶιιαηιίο
288 3589 404 3642 autem
418 3602 451 3642 το
470 3580 606 3643 ἐναντίον
621 3571 818 3663 significat,
838 3576 955 3663 inagis
972 3575 1172 3640 ucloerbium
1205 3616 1212 3625 -

133 3662 323 3727 ostenditur.
364 3664 538 3751 Agroetius
557 3663 596 3727 de
623 3661 784 3746 Orthogr.
811 3685 845 3749 p.
862 3666 958 3727 2267.
981 3660 1114 3724 Putseh.
1132 3682 1169 3748 p.

133 3749 214 3812 1862.
231 3746 393 3813 Gothofr.
414 3748 584 3834 distinguit
597 3746 725 3811 formas
748 3746 910 3811 aduersus
934 3754 967 3809 et
991 3746 1171 3808 ocioemum

116 3830 380 3919 significatione:
401 3832 568 3899 adversus
589 3844 641 3911 te,
667 3824 907 3897 adversarior.-
930 3830 1170 3905 admovente,

124 3916 291 4001 imitator.
335 3916 386 3982 Ita
407 3920 496 3983 enim
511 3915 723 3983 scribendum
740 3925 806 3995 est,
826 3940 896 3981 non
916 3916 1085 3979 imitatur.
1102 3914 1172 3979 Sed

126 4000 214 4067 istius
227 4000 453 4089 distinctionis
471 4004 562 4068 nulla
580 4011 629 4067 cst
643 4004 749 4082 ratio,
770 4022 878 4087 neque
901 3997 941 4064 ab
968 4018 1027 4063 usu
1045 3998 1171 4065 confir-

124 4085 238 4153 matio.
283 4087 320 4152 si
344 4088 423 4172 quid
443 4088 601 4155 constitui
626 4095 757 4174 potest,
781 4086 1001 4173 antiquiorem
1024 4084 1172 4150 formam

124 4180 213 4245 recte
228 4172 377 4241 dicemus
404 4172 567 4241 advorsus
591 4172 660 4242 sive
689 4172 861 4239 adversos.
911 4166 951 4236 Ia
975 4171 1106 4261 seriptis
1129 4171 1172 4235 li-

838 4276 918 4336 12*
