2618 4770
199 312 265 381 586
635 299 804 369 AVTEM.

306 463 393 519 Pleut.
412 459 497 513 Herc.
513 456 549 523 2,
563 456 598 523 3,
615 454 661 510 et.
686 456 803 530 litigare
825 456 895 512 nolo
911 474 963 532 ego
981 474 1054 512 vote
1070 471 1163 531 'qaam
1184 467 1252 526 tuan
1279 490 1284 496 -

271 561 366 606 autam
381 548 506 601 accusari
519 544 628 614 fidem,
648 542 738 597 multo
754 542 875 616 edepol,
894 548 920 598 si
937 543 1005 615 qaid
1019 539 1195 614 faciendam
1210 558 1254 608 ott,

174 660 178 667 .
248 633 369 710 efacere
383 632 480 687 damni·
499 629 623 684 mavolo.
657 629 791 681 Acidaliae
816 630 965 732 emendavit
978 630 1124 785 pilgpter
1150 628 1256 702 litigare

272 718 342 777 nolo
362 736 415 789 ego
432 734 501 782 uos,
520 735 608 789 neque
625 724 704 769 tuam
718 725 813 769 antam
830 734 955 770 accusari
1070 750 1079 766 .

308 824 399 876 celum
417 817 502 886 217.
521 828 613 888 noque
627 829 728 872 terrere
743 828 838 872 autom
855 839 889 872 oa
907 836 960 886 res,
976 821 1002 874 ti
1021 816 1194 887 tempestiua
1211 826 1255 880 ott,

275 905 377 962 «lebete
395 915 428 960 at
442 912 510 957 ante
528 913 638 973 tempus
658 912 750 961 notet.
786 903 820 969 8,
838 904 884 958 23.
915 924 1003 977 reoque
1026 901 1201 958 sorbitiones
1215 922 1256 954 aa·

274 1005 331 1047 tam
348 990 393 1043 hit
409 989 514 1060 aliique
539 988 641 1042 molles
664 999 693 1042 et
704 984 813 1059 faciles
831 989 902 1053 tihi,
922 1007 1010 1062 noque
1027 1006 1095 1041 caro
1119 1016 1152 1029 -
1170 1005 1255 1040 conoe·

275 1082 328 1134 nit.
360 1075 503 1128 Lindenius
515 1074 632 1125 ‘mutavit
657 1072 703 1128 hit
727 1085 778 1128 aut
802 1074 920 1147 alioqui·
955 1077 1048 1127 Benec.
1063 1074 1156 1142 Epist.
1173 1071 1255 1134 89‚t

274 1182 342 1219 naut
362 1180 413 1215 nea
432 1158 615 1230 philosophia
641 1162 701 1213 sine
723 1164 830 1214 uirtute
850 1171 908 1223 ott,
933 1178 985 1212 rua
999 1163 1063 1215 sine
1078 1155 1256 1229 philosophia

272 1253 363 1303 virtut
380 1257 432 1300 ott.
469 1241 655 1314 Philosophia
679 1245 805 1299 studium
820 1247 935 1299 virtutis
952 1255 1012 1309 est,
1033 1242 1086 1298 ted
1105 1254 1161 1315 pat·
1174 1247 1255 1314 ipsam

273 1335 427 1388 virtutem:
449 1350 498 1385 noc
524 1334 614 1384 virtus
634 1340 728 1384 autem
746 1349 807 1385 etto
823 1332 884 1384 tine
903 1329 999 1383 studio
1015 1330 1062 1382 tei
1077 1340 1198 1400 potest,
1216 1347 1257 1382 mo
1288 1344 1291 1349 ·

274 1418 392 1473 virtutis
408 1415 532 1471 stadium
552 1418 614 1469 sino
633 1418 707 1484 ipsa.
742 1416 869 1479 Quinctil.
886 1414 924 1480 6,
940 1414 975 1479 3,
991 1413 1036 1469 31.
1055 1433 1106 1467 nea
1123 1412 1261 1468 aoorteato·¹

276 1521 334 1557 rem
355 1511 449 1556 autem
472 1501 564 1554 atroci
580 1502 611 1553 itt
630 1516 745 1562 caussa,
769 1519 817 1554 noa
833 1511 985 1571 patronum
1002 1504 1035 1554 iri
1051 1497 1258 1554 miserabiliio·

276 1598 386 1642 tantem
412 1583 492 1657 feret
518 1587 670 1656 quitquam.
716 1584 904 1637 offendebatur
930 1589 1096 1637 Bumunnut
1120 1585 1257 1653 particule:

278 1673 353 1724 cuius
370 1671 411 1724 rei
428 1687 544 1723 caussam
560 1669 727 1738 Spaldingius
744 1669 848 1738 quaerit
864 1670 893 1721 in
909 1670 1007 1739 positu.
1036 1673 1187 1740 Vtrumque
1204 1672 1258 1722 fru-

277 1768 332 1809 etre
341 1797 349 1823 ,
368 1775 417 1810 nec
435 1756 577 1825 quidquam
593 1754 746 1807 mutandum
764 1764 814 1807 eet.

295 1881 327 1941 9.
360 1875 437 1956 Quo
455 1871 559 1938 modo
582 1884 674 1937 et-
690 1883 723 1936 'et
739 1883 855 1936 antem
878 1871 1018 1957 dicitur,
1039 1872 1133 1939 idem
1157 1862 1261 1940 transss

212 1961 321 2027 fertur
337 1962 376 2026 ud
399 1958 576 2040 vocabula,
598 1980 680 2047 quae
702 1979 816 2023 rerum
836 1970 948 2046 portes
970 1959 1173 2048 significent¹
1213 1960 1266 2045 Sic

211 2047 315 2112 modo
330 2083 371 2098 -
387 2045 489 2109 modo
507 2055 640 2125 autem,
661 2054 733 2109 tum
748 2080 792 2093 -
808 2054 881 2108 tum
897 2056 1023 2112 autem.

319 2181 411 2234 Celsus
430 2177 462 2247 5,
481 2180 532 2247 28,
554 2176 595 2234 14.
610 2177 698 2254 'modo
717 2198 818 2242 unam,
837 2179 922 2234 morlo
938 2191 1033 2235 autem
1048 2179 1137 2252 plura
1153 2196 1264 2235 notm-

283 2279 337 2321 tur.
363 2269 404 2317 Ite
423 2282 513 2329 omues
531 2265 662 2317 editiones
678 2263 816 2333 antiquam
834 2283 905 2318 nunc
920 2276 1046 2318 mutatum
1065 2266 1165 2335 legitur
1183 2265 1264 2320 morlo

282 2363 377 2408 autom
394 2369 495 2414 unum,
514 2348 598 2403 modo
615 2347 708 2420 plura.
743 2350 798 2402 Cic.
815 2351 848 2402 de
863 2353 926 2404 Nat.
945 2351 971 2402 d.
987 2351 1022 2418 2,
1039 2350 1093 2415 23,
1112 2350 1158 2404 60.
1174 2357 1263 2424 itaqua

283 2449 342 2490 tam
362 2435 445 2500 illati,
463 2434 538 2507 quod
555 2446 615 2488 erat
632 2434 720 2488 adeo
739 2433 883 2498 donatam,
901 2439 1012 2490 aomina
1025 2438 1121 2505 ipsias
1138 2437 1186 2492 det
1200 2457 1265 2490 nau·

283 2519 424 2592 oupahant
440 2549 491 2572 —.
533 2520 604 2575 Tum
622 2529 781 2578 autem-ret
797 2524 881 2594 ipsa,
897 2523 927 2575 itt
945 2537 1001 2592 qao
1024 2524 1070 2576 vis
1087 2523 1162 2578 inest
1177 2524 1265 2577 maior

281 2607 397 2679 aliqua,
412 2608 451 2661 sio
467 2604 642 2678 appellatur.

303 2731 356 2791 10.
378 2725 505 2790 Autem
519 2725 626 2811 etium
639 2744 708 2788 non
724 2725 829 2812 mugio
851 2722 1041 2805 cohaerent,
1060 2745 1162 2812 quum
1182 2723 1267 2790 aliud

219 2812 454 2897 quodcumque
474 2808 671 2876 vocobulum
687 2811 935 2875 sententiarum.
970 2812 1175 2876 Goerenzius
1191 2832 1265 2877 vero

218 2897 259 2960 ed
275 2899 343 2963 Cio.
359 2896 400 2962 de
419 2896 490 2961 Fin.
510 2902 547 2976 1,
573 2899 630 2969 18,
652 2899 705 2959 61.
730 2905 845 2983 negot,
874 2915 1036 2981 umquam
1062 2895 1145 2962 haec
1171 2898 1266 2963 verbe

218 2984 387 3070 componi.
448 2981 535 3046 Rure
568 2981 701 3068 quidem.
724 2981 934 3071 reperiuntur
963 2982 1116 3068 exempla
1140 2986 1185 3047 ob
1213 2985 1266 3047 in-

218 3079 361 3217 ficetum,
382 3066 585 3142 mundetur,
612 3065 744 3132 formae
765 3066 1035 3132 similitudinem:
1060 3076 1175 3133 tumen
1198 3090 1263 3133 nou

144 3162 146 3166 '
242 3165 348 3219 esunt.

18 3312 35 3336 κ
75 3310 161 3349 ,Μυ-
213 3300 229 3342 ,J
324 3274 379 3326 Cic·
401 3272 434 3325 dt
461 3274 520 3325 Fin·
548 3271 581 3337 1,
606 3271 728 3337 18‚'Gl·
753 3285 928 3328 comantem
944 3271 998 3327 alii
1017 3273 1121 3328 mimiti
1138 3281 1167 3327 et
1184 3290 1268 3344 augu-

90 3380 97 3403 1
143 3378 154 3414 t
191 3388 217 3417 ι..
288 3364 327 3415 sti
351 3379 403 3411 -t
430 3357 483 3413 alii
508 3369 601 3412 autem
629 3359 714 3412 etiam
733 3361 880 3412 amatoriis
906 3356 1069 3413 levitatibus
1097 3356 1196 3412 dediti.
1240 3360 1269 3407 In

289 3462 341 3516 quo
371 3446 431 3497 loco
467 3462 515 3495 neo
542 3443 672 3512 particule
704 3455 797 3497 autem
827 3445 922 3497 iterum
948 3462 1102 3508 recurrens,
1125 3461 1176 3495 nec
1201 3441 1270 3513 quod

288 3533 374 3585 otiam
398 3530 427 3581 in
450 3530 573 3581 membris
595 3529 723 3581 orationis
751 3530 941 3598 coniungendis
968 3546 1015 3594 eun
1036 3529 1062 3580 vi
1083 3538 1207 3593 constet,
1223 3529 1267 3579 of-

283 3616 440 3683 ¹funtionem
455 3615 564 3683 praebet
582 3615 679 3679 ullam,
705 3632 790 3684 neque
806 3634 869 3676 uero
897 3618 982 3670 etiam
1005 3612 1085 3667 tertio
1110 3613 1173 3664 loco
1195 3612 1269 3682 posi-

290 3712 345 3754 tum
360 3719 410 3770 pro
429 3698 501 3752 adeo
520 3699 662 3767 accipiatur
682 3717 787 3753 necesso
808 3713 864 3764 est,
892 3711 921 3752 nt
945 3699 1093 3751 Goerenzio
1118 3698 1269 3751 videbatur:

289 3785 368 3838 inuno
389 3784 468 3836 verba
486 3780 539 3839 alii
555 3795 649 3838 autem
668 3785 752 3836 etiam
770 3788 915 3839 amatoriis
936 3781 1099 3839 levitatibus
1119 3783 1213 3838 dediti
1227 3785 1270 3835 in·

244 3856 266 3927 ,¹
290 3871 420 3940 terpositu
444 3879 520 3933 sunt,
550 3879 580 3919 ut
602 3871 779 3922 accessionem
806 3872 919 3939 aliquam
942 3869 1076 3943 indicent,
1109 3878 1138 3923 et
1161 3871 1191 3920 in
1215 3887 1269 3922 voc.

287 3955 357 4021 alii,
377 3954 447 4023 quod
467 3954 600 4022 sequitur,
626 3971 693 4005 nova
711 3954 805 4024 incipit
828 3955 989 4007 enumeratio
1006 3955 1171 4023 reliquorum
1188 3972 1268 4023 gene-

289 4057 356 4091 rum.
392 4036 496 4102 3,18,
522 4037 565 4089 59.
590 4039 641 4092 erit
658 4050 753 4093 autem
780 4042 866 4095 etiam
884 4037 1053 4095 inchoatum.
1080 4040 1127 4090 nbi
1148 4041 1269 4093 Goeren-

290 4123 344 4176 zius
369 4125 403 4178 de
428 4140 475 4176 suu
497 4124 628 4178 sententie
652 4125 781 4193 decedens
806 4125 927 4180 defendit
951 4125 1080 4179 librorum
1097 4127 1268 4196 scripturum:
