2618 4770
518 115 723 212 11111
875 163 877 167 ψ
1047 84 1253 221 111ι

37 246 49 355 ,¹
131 235 203 355 ante
216 238 316 355 diem-'r
332 274 407 329 Illud
420 275 515 327 falsum
536 278 594 337 est',
612 273 753 327 hoc-bene
770 270 942 342 rehabebit,
959 275 983 329 si
1000 276 1111 345 legeris:

131 367 177 439 qui
197 362 259 417 dies
270 357 390 432 futurus
407 371 479 415 esset
500 361 529 412 in
546 359 685 427 ante-die
710 360 754 415 VI
768 359 821 413 eal.
840 380 919 437 riou„k
970 408 974 414 .

1112 460 1136 481 Ι

119 474 124 483 ’
165 487 222 539 Cio.
245 486 279 536 ad
294 484 398 549 Att.3,
418 485 459 538 17.
479 483 520 537 de·
548 483 654 560 Quinto
677 480 774 554 fratre
794 489 886 539 nuntii
903 480 987 539 nobit
1008 489 1111 556 tristes,

73 584 76 589 '
131 591 179 626 nee
194 574 268 624 uarii
286 581 418 624 venerunt
437 589 471 624 ex
489 560 554 623 ante
574 569 646 623 diem
655 589 719 623 non.
730 571 787 624 iun.
805 589 889 642 usque
909 571 947 622 ari
964 572 1038 641 prid.
1056 574 1112 631 eal.

131 669 200 729 sept.
226 657 300 724 quasi
319 656 417 707 dietum
436 666 506 707 esset
525 674 573 725 pro
595 660 750 728 arnonis:
767 656 839 724 quod
853 670 906 705 non
924 666 1030 724 poterat
1049 658 1112 710 dici.
1199 718 1206 733 Ι·
1237 642 1239 647 ¹
1279 691 1289 709 s

23 764 39 813 ᾗ
131 741 238 794 Excidit
258 758 379 792 numerus
399 759 434 793 ex
454 761 480 792 a.
497 741 524 792 d.
545 742 596 794 Ill
612 760 676 794 non.
721 742 772 815 Sed
790 741 907 792 adhunc
929 742 1112 809 loquutionem
1180 768 1183 773 ¹

29 822 49 889 ’ς’
71 824 75 831 ’
131 826 326 879 defendendam
351 826 465 883 afferunt
490 827 641 878 testimonia
664 827 924 888 iurisconsultorum,
951 827 1058 895 leiani
1083 829 1114 880 in

32 924 46 973 ’,
128 912 192 980 Dig.
212 909 256 975 45,
275 911 301 982 1,
322 910 431 983 tepus·
452 921 518 964 ante
538 911 671 965 calendas
693 916 837 984 proximas
858 908 1018 980 stipuletur,
1037 916 1113 967 simi·

70 1014 97 1045 ἃ
133 997 168 1053 lis
196 998 302 1057 artai,
339 999 387 1067 qui
413 995 538 1049 calendis
573 997 737 1067 stipulatur.
762 1054 765 1059 4
786 999 858 1071 Haeo
880 996 972 1048 Rosius
996 996 1113 1053 edilia.

131 1078 209 1152 epist.
228 1083 262 1134 ad
278 1085 332 1132 Att.
352 1081 382 1143 l,
404 1080 430 1135 1.
448 1081 486 1132 ita
504 1083 614 1151 accipit,
634 1092 664 1133 ut
683 1084 755 1152 ipsae
776 1082 900 1134 calendae
921 1081 1050 1132 dicantur.
1078 1086 1117 1136 Aa

10 1152 14 1159 ¹
44 1218 47 1223 ,
130 1179 233 1238 tempus
250 1178 310 1219 ante
329 1168 453 1219 calendas
471 1170 614 1237 opponitur
629 1169 742 1237 tempori
760 1177 821 1235 post
841 1165 978 1230 calendas,
996 1167 1114 1236 illudque

81 1264 95 1299 ·'
131 1253 331 1322 comprehendit
350 1262 494 1304 extremum
518 1253 657 1304 terminum
683 1253 717 1304 ad
740 1250 937 1320 stipulationem
962 1252 1114 1308 solvendam

123 1322 301 1400 boncessum,
329 1339 399 1406 ipsas
423 1339 554 1389 calendas.
586 1339 691 1390 Paullus
718 1335 747 1388 in
766 1338 826 1404 Dig.
844 1334 893 1400 50,
915 1334 965 1399 16,
985 1335 1115 1392 132011·

84 1436 88 1443 '
128 1424 241 1479 uitulus
259 1425 415 1487 errtittitur,
443 1421 982 1495 9010111010αηηίὀίοηιονίτιιν,1ε
1004 1408 1115 1479 00111110·

10 1506 15 1515 ’
132 1502 203 1563 tudo
224 1507 357 1580 loquendi
383 1506 413 1558 id
431 1511 473 1561 ita
491 1526 550 1561 esse
567 1507 711 1561 declarat.-
737 1506 894 1560 antediem
916 1506 1050 1560 decimum
1070 1530 1116 1562 ea·
1137 1524 1140 1529 ·

132 1594 295 1659 landarum,
313 1603 381 1662 post
401 1592 474 1645 diem
495 1592 632 1648 decimum
649 1592 835 1658 calendarum,
856 1593 1032 1662 nequeenim
1051 1604 1115 1649 utro

130 1696 256 1734 sermone
273 1668 400 1738 indecim,
423 1677 484 1731 dies
502 1678 707 1748 significantur.
743 1678 776 1729 de
799 1694 851 1745 quo
874 1678 934 1728 loco
960 1677 1115 1732 innumerae

133 1773 240 1817 exstent
259 1763 466 1830 disquisitiones.
490 1764 743 1837 Sedpertinethoc
761 1763 885 1813 edilium
904 1765 1033 1816 rationem
1049 1765 1114 1816 uui-
1185 1823 1187 1827 v

131 1868 243 1914 versam,
263 1866 313 1916 qna
330 1849 419 1898 Latini
436 1849 465 1899 in
482 1850 649 1902 numerandis
667 1849 838 1909 calendarum
852 1848 943 1901 diebus
962 1838 1038 1901 simul
1054 1860 1115 1903 ter·

130 1937 196 1988 mini
216 1935 283 1986 diem
302 1940 533 2002 computaverunt,
561 1945 589 1986 et
606 1944 672 1988 ante
690 1933 764 1986 diem
782 1933 918 1989 decimum
937 1934 1116 1991 calendarum

75 2033 78 2037 '
131 1996 258 2074 dixerint
276 2036 327 2088 pro
348 2017 395 2072 die
414 2017 521 2073 decimo
539 2029 607 2073 ante
623 2018 765 2076 calendar.

169 2128 222 2178 Gur
247 2125 395 2176 universum
423 2122 492 2173 hunc
516 2138 589 2173 usum
605 2124 694 2175 Latini
710 2142 765 2177 non
782 2124 956 2178 invocabulo
978 2119 1046 2197 post
1063 2127 1116 2180 ad·

134 2211 272 2276 miserint,
291 2226 376 2276 neque
394 2224 515 2276 umquam
533 2204 648 2263 dixerint
665 2221 733 2279 post
753 2211 865 2263 tertium
884 2202 1031 2277 celandas,
1051 2212 1117 2282 ipsis

132 2296 251 2349 calendis
271 2286 474 2363 comprehensis,
492 2303 536 2343 aut
554 2297 636 2347 tertio
658 2294 704 2350 die
722 2294 863 2360 carendus,
883 2297 1021 2350 intellecto
1039 2309 1116 2369 post,

124 2384 239 2435 'frustra
259 2380 388 2448 quaesivit
410 2378 550 2429 Salmasius
565 2378 594 2430 in
610 2364 694 2448 epist.
713 2399 739 2450 p.
757 2380 817 2434 279.
835 2392 863 2434 et
881 2381 942 2434 293.
959 2383 992 2433 ad
1010 2384 1116 2434 cautio·
1203 2440 1205 2444 ,

134 2485 213 2533 nem,
239 2483 274 2518 ne
296 2464 423 2533 loquendi
441 2464 568 2515 formulae
596 2465 836 2531 confunderentur,
863 2473 1024 2535 provocans:
1048 2448 1117 2537 pro·
1178 2457 1180 2465 ¹

116 2560 227 2622 'pterea
254 2548 326 2620 quod
347 2550 493 2601 numeratio
520 2549 664 2600 obtinuerit
690 2551 718 2601 in
745 2552 978 2620 praecedentibus,
1006 2569 1066 2604 nou
1088 2553 1119 2604 in

133 2636 352 2705 subseqnentibus
362 2672 370 2698 ,
387 2634 456 2685 hanc
473 2635 654 2702 loquutionem
667 2653 721 2686 non
739 2639 861 2688 usitatam
883 2655 940 2689 esse
956 2638 985 2688 in
1002 2653 1118 2706 sequen·
1189 2622 1196 2632 '¹

133 2723 224 2788 tibus,
247 2723 301 2774 sive
319 2721 347 2771 in
362 2720 490 2771 vocabulo
506 2730 581 2791 post.
618 2721 767 2773 Gronovius
785 2722 863 2774 affert
878 2722 908 2773 in
924 2722 1007 2790 Epist.
1021 2740 1047 2791 p.
1056 2720 1119 2778 563.
1212 2784 1216 2803 Ι

86 2828 101 2855 ·.
135 2808 283 2876 exemplum
308 2807 409 2872 Digest.
436 2805 468 2857 de
487 2807 567 2860 Verb.
587 2806 635 2874 sig.
654 2805 723 2871 233,
744 2805 768 2862 1.
784 2816 852 2877 post
869 2805 1002 2860 calendas
1020 2811 1137 2862 ianae·
1222 2824 1229 2835 ⁴

63 2914 66 2919 ·
136 2895 197 2946 rias
213 2891 260 2946 die
277 2895 358 2946 tertio
376 2909 428 2963 pro
439 2890 530 2946 salute
547 2896 765 2965 principisuota
783 2879 984 2963 suscipiuntur.
1003 2892 1056 2944 boc
1076 2900 1118 2946 est

45 3039 54 3054 Ι
138 2997 168 3031 u.
186 2976 213 3031 d.
229 2979 291 3032 ἸΙΙ
307 2995 371 3030 non.
397 2981 453 3032 ian.
496 2979 548 3031 Sed
565 2999 642 3048 quum
659 2988 760 3031 veteres
777 2975 794 3029 a'
814 2988 938 3030 consueto
959 2977 1116 3031 numerandi

134 3079 210 3115 more
227 3063 413 3129 discedebant,
432 3073 504 3133 certa
522 3081 612 3116 caussa
626 3064 749 3116 commoti
767 3081 823 3115 esse
840 3062 979 3115 debebant.

154 3191 224 3251 20..
240 3187 306 3251 Vix
314 3210 433 3276 operae
441 3188 588 3272 pretium
602 3197 681 3251 esset
689 3182 1118 3253 commemorareSchwar-¹

67 3270 127 3334 tzii
144 3293 311 3359 errorem,
344 3295 411 3359 quo
435 3273 632 3358 opinionem
657 3295 742 3361 pene
765 3272 940 3335 absurdam
965 3269 1119 3366 concepit
1142 3323 1164 3355 ,Α

68 3366 236 3422 etcontra
251 3358 427 3423 Fnccioluti
441 3358 734 3444 reprehensionem
753 3357 946 3430 vindicavit,
968 3367 1048 3418 unte
1062 3375 1119 3416 m-

68 3443 204 3507 terdum
229 3443 412 3530 significare
430 3456 528 3529 post,
558 3455 591 3507 et
613 3441 825 3507 referendum
848 3465 916 3508 esse
938 3442 973 3519 in
996 3445 1119 3502 nume·
1175 3484 1178 3489 -

62 3546 148 3592 rum
172 3529 371 3606 verborum,
415 3552 572 3616 quaeres
603 3529 783 3591 contrarias
812 3528 981 3600 indicant,
1017 3522 1121 3589 veluti

42 3613 183 3694 'altue,
204 3615 268 3678 nisi
290 3613 356 3679 duo
379 3615 532 3702 exempla
559 3615 654 3679 alluta
680 3612 918 3699 interpretandi
946 3621 979 3674 et
1003 3631 1118 3674 emen-

70 3699 172 3764 dandi
186 3702 282 3768 variis
297 3703 532 3788 experimentis
553 3709 675 3763 tentata
692 3708 812 3762 essent.
857 3696 964 3760 Livius
986 3697 1040 3774 42,
1064 3697 1119 3774 50,

47 3807 53 3821 ·
71 3790 103 3848 1.
120 3809 255 3870 paitcos
271 3798 352 3849 ante
367 3787 439 3851 dies
452 3787 614 3866 Porsena,
624 3796 811 3872 postquam
826 3783 937 3869 legati
953 3779 996 3844 ub
1007 3780 1119 3844 Romu

70 3873 224 3956 regressi
243 3872 490 3957 praeciderunt
512 3895 607 3958 apem
625 3871 745 3957 pacis,
782 3868 960 3932 consilium
985 3865 1116 3929 lrubuit.

71 3977 157 4044 quae
174 3956 391 4028 schwartzius
407 3958 658 4048 interpretatur:
681 3965 760 4051 post
770 3954 916 4047 reditum
930 3953 1117 4042 legatorum
