2618 4770
498 344 594 412 ΛΒΤ.
635 344 707 411 ΛΤ.
1063 354 1129 427 419

97 501 171 569 nitio
189 498 350 566 cretionis
394 498 452 563 oni
491 520 580 565 osse:
614 498 704 562 cuius
723 498 894 589 utriusque
918 506 968 570 rei
986 508 1148 575 ,exuite-⁴
1233 578 1236 583 ,
1289 498 1294 503 ’

97 599 155 652 unt
175 597 289 650 temen
310 519 410 649 multi
430 521 631 650 deiensores.
671 585 927 654 commemoro
947 601 1077 657 tentum
1100 594 1126 659 l.

97 672 301 748 LVossium,
324 671 381 757 qui
402 670 444 735 ed
459 670 576 755 Virgil.
594 673 654 735 Ge.
672 675 712 753 2,
733 674 786 737 51.
805 676 960 741 notavit:
984 688 1046 758 „at
1060 699 1126 766 pro

97 769 137 840 t,
163 767 202 822 ut
226 763 357 845 suepc.“
384 757 576 844 recepitque
602 755 723 822 fulsum
754 758 818 822 scri
844 770 971 826 turemz
1009 775 1128 830 tumen

97 866 161 931 aec
180 865 309 932 quoque
324 842 356 906 ei
373 841 447 928 quis
462 842 611 918 incerat,
637 852 676 907 at
697 841 808 907 scrobi
829 867 868 909 ue
890 847 1034 917 mandet
1047 872 1130 920 mu-,

97 927 324 996 bacchante.
342 949 406 1014 pro
420 939 499 991 aut.-
524 927 616 1014 quod
629 938 720 992 recte
734 951 768 992 se
785 927 902 995 hebet:
926 932 1129 1001 etBothiunn
1229 933 1231 937 ’

97 1012 118 1080 d
140 1015 246 1080 Pleut.
270 1011 392 1101 Amph.
410 1016 485 1078 938.
511 1024 542 1077 ct
560 1013 801 1094 Goerenzium,
829 1016 917 1102 qui,
930 1017 1129 1087 Turnebum

97 1104 252 1188 iquutus,
288 1097 469 1196 copulnndi
490 1097 559 1162 vim
608 1099 763 1184 articuluq
786 1100 901 1165 tribuit
911 1102 960 1168 ·in
985 1106 1126 1192 antiquie

96 1204 185 1275 egum
201 1184 358 1250 formulis
376 1183 418 1247 ed
435 1184 503 1248 Cic.
519 1183 561 1248 de
575 1121 654 1270 ξος.
668 1208 702 1283 p.
722 1189 782 1249 129
801 1195 833 1249 et
846 1188 924 1252 225.
969 1190 1035 1256 Sed
1043 1213 1127 1278 qune

96 1281 314 1359 ompernntur
328 1269 500 1356 exemplu,
513 1270 552 1347 ,ei
568 1292 679 1358 generi
696 1271 873 1357 oppositae
893 1273 1046 1341 dictionis
1064 1299 1127 1342 en-

96 1356 383 1435 umerundesunt,
402 1355 522 1440 dequo
540 1355 654 1442 paullo
666 1366 740 1442 post
756 1378 791 1420 n.
813 1362 842 1420 1.
860 1366 893 1421 et
909 1365 960 1424 12.
978 1361 1145 1427 dicturus*

96 1464 160 1508 um.
182 1442 299 1529 Neque
315 1441 349 1504 in
367 1440 473 1506 verbis
487 1440 766 1527 simplicitercom
792 1442 941 1525 onendis,
959 1446 1022 1510 nisi
1036 1459 1144 1526 recte·

96 1528 245 1618 ppositio
257 1537 405 1615 appetet,
427 1524 524 1590 huius
539 1526 719 1674 particulae
729 1465 815 1591 ullius
831 1529 1022 1594 conceditur
1035 1554 1142 1598 ususc

96 1620 189 1697 tuere
211 1635 310 1678 sensu
329 1612 449 1678 erravit
471 1611 538 1674 Dru
567 1611 778 1688 euborchius,
796 1633 900 1699 quum
916 1614 957 1679 ed
978 1616 1049 1682 Liv.
1071 1623 1140 1700 21,

97 1748 109 1782 ,
134 1707 165 1765 1.
188 1699 337 1764 sibinen
354 1689 527 1784 displicere
545 1697 605 1761 nit:
629 1698 758 1783 panici,
789 1709 827 1761 at
840 1695 956 1786 ferme
976 1703 1125 1786 optimus

96 1785 210 1874 risque
219 1783 385 1848 Hannoni
399 1780 692 1848 adsentiebantur.
734 1783 844 1847 Livius
858 1784 1021 1851 intellexit
1035 1789 1141 1877 opti-·

95 1893 161 1951 ros,
177 1871 235 1958 qui
249 1871 345 1957 peuei
362 1891 432 1933 esse
454 1867 580 1946 solent,
604 1867 820 1957 scripsitque:
838 1872 949 1956 pauci
964 1895 1006 1937 ac
1009 1870 1127 1961 ferme

95 1956 224 2022 utimus
260 1956 386 2042 uisque.
430 1953 495 2019 Sed
510 1964 623 2041 potest
636 1955 672 2019 in
688 1954 888 2020 carminibus
903 1968 943 2021 ut
958 1959 1041 2044 poni
1060 1981 1124 2046 pro

95 2036 113 2119 ζ’,
141 2051 181 2105 ut
198 1978 325 2105 subitus
343 2040 390 2105 rei
407 2049 603 2126 conspectus
618 2039 820 2106 describetur
830 2064 893 2128 per
900 2042 1126 2109 admirationis

95 2127 289 2193 articulemz
311 2126 412 2190 veluti
425 2125 512 2212 apud
523 2124 709 2191 Ouid-Met.
718 2131 750 2205 2,
757 2128 832 2191 550.
841 2125 1126 2217 nodosquemanu

95 2211 229 2279 iducit:
252 2212 399 2294 ‹et-intus
423 2206 655 2299 infantemque
683 2210 800 2277 uident
823 2226 1137 2304 apporrectemquc'

95 2308 274 2367 raconem.
299 2295 391 2383 quod
406 2305 455 2361 est
471 2306 509 2361 ct
525 2319 611 2361 eece.
981 2307 984 2313 ’
1133 2304 1137 2317 ’

137 2417 286 2491 Alterum
303 2416 517 2503 opinionem,
540 2437 603 2502 que
618 2412 833 2480 Becicbemus
850 2416 884 2501 in
899 2413 1003 2504 Epist.
1020 2419 1073 2484 58.
1092 2430 1125 2486 et
1219 2455 1222 2493 ;

97 2502 254 2571 ernaldus
270 2502 310 2566 ed
318 2502 447 2589 Apulei.
460 2501 541 2566 Met.
555 2502 626 2565 init.
650 2509 844 2580 statuerunt,
868 2513 906 2565 at
952 2503 1125 2571 articulum

94 2588 244 2678 rcipienti
265 2589 410 2652 orationi
459 2585 536 2651 ruefi
562 2586 570 2649 i
591 2595 727 2651 ornatus
754 2607 882 2662 ceusse,
937 2598 1011 2652 octe
1028 2590 1125 2656 reiu-

94 2675 155 2741 rvit
172 2673 388 2761 Oudendorp.
406 2610 514 2761 edAp
550 2671 590 2736 ei.
604 2693 639 2758 p.
655 2672 687 2736 5.
713 2670 748 2734 Si
761 2670 817 2757 qui
833 2693 943 2736 sermo
954 2674 1125 2822 perbene

95 2761 272 2827 cuticulam
288 2760 424 2846 incipit,
447 2768 504 2823 eut
518 2757 712 2842 intelligitur
728 2755 861 2841 aliquid,
885 2778 951 2842 quo
994 2760 1124 2825 reiicit-

94 2844 148 2926 nr,
178 2845 416 2934 praemissum,
446 2853 503 2909 eut
525 2842 726 2934 exprimitur
741 2843 852 2907 ‘animi
874 2846 1035 2911 commoti
1049 2847 1124 2943 irn-

94 2943 182 3002 etus.

112 3037 115 3042 ¹
178 3050 282 3104 Servius
301 3047 336 3100 ed
353 3048 428 3117 Virg.
448 3051 513 3102 Aen.
530 3048 563 3114 7,
577 3046 638 3103 358.
660 3049 687 3102 si
708 3055 802 3101 autem
821 3058 860 3101 at
878 3046 987 3120 legeris,
1007 3051 1122 3123 copula·

103 3132 108 3141 ⁹
140 3137 202 3191 tiva
220 3132 363 3208 particula
373 3143 425 3205 est
448 3124 638 3198 adornatum
656 3129 750 3185 solum
769 3135 920 3205 pertinens.
956 3139 1029 3192 conl.
1046 3139 1079 3189 nd
1098 3137 1126 3199 9,

141 3219 204 3276 144.
222 3221 257 3273 ed
275 3220 325 3284 10,
352 3216 414 3274 411.
432 3216 496 3272 sed
519 3217 603 3271 modo
630 3217 772 3286 inceptiva
796 3216 937 3288 particula
961 3229 1020 3285 est,
1046 3233 1077 3273 ut
1096 3225 1126 3276 in

143 3305 285 3362 Sallustio
304 3305 434 3370 saepius:
452 3305 524 3355 sicut
540 3312 582 3355 nt
601 3300 757 3354 interdume
781 3321 846 3354 nam
865 3321 922 3356 non
940 3314 984 3357 est
1010 3294 1125 3358 coniun-

101 3442 104 3447 .
141 3394 200 3446 etio
225 3390 430 3444 ratiocinantis.
464 3387 604 3440 Boeclerns
623 3386 861 3439 in‘Choestometb.
882 3389 990 3441 Terent.
1012 3408 1033 3438 e.
1054 3390 1080 3440 h.
1098 3408 1123 3440 v.

141 3475 266 3545 egregie:
284 3472 517 3542 „quotiescumque
536 3482 567 3525 nt
583 3471 679 3540 incipit
696 3472 860 3537 orationem,
882 3474 940 3528 sive
956 3475 1039 3525 totius
1057 3489 1123 3524 ore-

139 3561 223 3614 tionis
240 3561 356 3612 frontem
376 3555 503 3623 sustinet,
523 3552 621 3608 t‘oticns
638 3566 745 3609 actuose
764 3552 862 3620 πᾶΧνος
878 3576 1042 3629 suppressum
1057 3561 1124 3610 sub*

142 3645 263 3700 cuditur:
289 3659 355 3712 quae
376 3642 436 3693 solu
460 3650 554 3691 etune
571 3641 640 3692 ratio
659 3651 700 3693 est
725 3643 895 3711 explicandae
916 3642 993 3695 huius
1012 3643 1123 3710 elegan-

141 3733 213 3786 tiae:
233 3729 299 3780 adeo
316 3738 346 3778 nt
361 3747 391 3779 re
411 3727 470 3797 ipse
489 3741 544 3776 non
565 3733 619 3777 tem
643 3726 754 3797 incipiet
774 3729 840 3781 hece
863 3728 992 3798 particula
1018 3729 1124 3782 oratio-

142 3835 220 3877 nem,
240 3814 286 3866 sed
304 3812 434 3880 inceptem
452 3812 481 3864 in
497 3811 584 3863 animo
600 3822 724 3880 potenter
741 3815 888 3882 erumpet.“
1027 3822 1029 3826 ’

179 3921 264 3972 Nemo
284 3915 440 3983 provocabit
458 3914 493 3967 ed
508 3913 639 3966 Aeneidos
658 3914 721 3966 libri
738 3914 825 3983 quarti
841 3914 960 3966 initium:
977 3925 1009 3969 at
1027 3917 1125 3989 regina

141 4003 224 4075 gravi
242 4003 300 4056 iam
318 3996 425 4050 dudum
447 4002 544 4053 saucia
569 4019 633 4052 cura
651 3998 753 4052 volnus
772 3999 826 4054 alit
842 4003 929 4054 cents.
949 4012 993 4053 eut
1009 4001 1043 4053 ad
1057 4006 1125 4058 stet.

141 4088 227 4141 Theb.
243 4087 306 4137 libr.
328 4082 449 4135 tertium:
473 4103 533 4137 nem
553 4085 722 4137 continuatur
741 4086 858 4137 neuntio
882 4085 944 4138 libri
962 4086 1124 4141 antecedens

142 4174 197 4229 tie:
216 4190 302 4245 neque
320 4168 355 4224 ed
372 4167 443 4222 celsi
462 4169 557 4242 sepite,
569 4188 636 4243 quae
653 4189 669 4226 e
688 4171 816 4226 vocabulo
833 4180 866 4225 at
881 4171 1026 4242 incipinn,
1043 4171 1115 4226 eelut

830 4256 916 4319 27*
1005 4341 1008 4347 Ι
