2618 4770
605 233 633 291 ,ἢ
668 247 674 273 ι
712 254 727 290 ,1
1053 243 1083 300 ,Ι

515 329 657 405 ANTE·
1047 343 1110 411 871

103 502 167 571 set,
190 508 362 575 apparere
385 497 544 571 coeperat
565 522 608 534 -
620 484 738 570 patris
757 494 857 571 atque
877 488 1030 556 eiusdem
1052 497 1110 560 avi

101 579 120 643 u'
129 576 288 641 'animam
302 573 469 636 alienavit
487 570 564 635 sibi.
607 570 783 636 Biennium
811 572 900 650 enim
913 588 976 663 per
995 574 1032 643 se
1053 582 1109 644 in-

101 648 220 748 digitur
251 670 430 744 tamquam
452 680 524 736 res,
558 658 625 720 sivo
656 667 787 742 tempus
808 657 909 723 rebus
931 663 1109 750 repletum,

101 741 382 833 {agisquedefinita
399 753 448 806 est
464 744 559 806 notio
584 763 686 827 (quam
708 742 742 803 in
766 738 881 806 decem
899 749 1011 815 annia.
1056 753 1110 817 Sia

101 857 129 899 os
152 828 381 916 distinguimus
402 826 618 902 lalzrzelaentl
643 850 661 891 a
684 827 769 889 aella
785 823 902 893 latre.
954 833 1003 898 Ita
1026 835 1111 903 dixit

101 916 249 985 olumella
266 915 306 977 de
321 914 440 981 Arbor.
457 915 497 988 4,
521 918 553 976 2.
585 912 616 975 si
643 910 813 977 aaronitae
838 927 900 978 aut
928 920 1031 984 salcis
1059 923 1110 986 ai-

101 999 328 1088 composituri
344 1000 488 1080 erimus,
511 997 677 1083 optimum
695 996 762 1061 erit
777 1009 858 1062 unte
873 1024 1003 1067 annum
1015 1028 1110 1071 scro-

101 1111 125 1167 ea
152 1088 202 1153 uel
230 1086 340 1149 sulcos
355 1082 490 1173 jacere.
515 1082 606 1168 quod
630 1087 689 1161 16,
713 1088 746 1146 2.
777 1098 969 1172 comparata
991 1113 1026 1155 re
1050 1115 1111 1157 ex.

101 1173 184 1241 'ressit
197 1171 269 1237 his:
292 1171 351 1258 qai
372 1168 548 1234 arbustum
569 1169 774 1232 constituere
790 1169 918 1251 uolent,
945 1188 1032 1241 ante'
1044 1201 1112 1243 aa·

101 1282 161 1340 am,
190 1280 294 1345 quam
309 1255 485 1341 deponant
502 1252 657 1335 arborea,
687 1250 818 1316 serobes
832 1251 980 1338 faciant.
1021 1264 1113 1328 Ante

101 1366 194 1411 omem
211 1353 260 1408 est
275 1364 332 1407 vor
347 1337 561 1427 laltressrisl
605 1338 655 1402 lta
678 1337 821 1401 lustinus
840 1345 878 1405 18
886 1360 896 1422 3
918 1349 957 1419 8,
981 1346 1013 1410 5.
1040 1348 1112 1435 Ty.

100 1427 259 1496 oaurbem
281 1437 361 1491 ante
384 1448 514 1490 annum
537 1422 712 1489 Troianae
735 1423 848 1487 eladio
872 1428 1112 1498 condiderant.

100 1516 144 1581 lon
166 1512 232 1578 dici
255 1521 389 1600 poterat
413 1523 494 1575 ante
519 1509 634 1574 decem
655 1532 765 1574 annos
792 1508 968 1578 t'rotanae
988 1517 1112 1584 eludia.
1203 1586 1216 1599 ἥ

100 1600 171 1667 facit.
185 1601 265 1687 Agr.
286 1598 339 1663 45.
360 1595 455 1662 nobis
471 1608 545 1661 tam
568 1594 695 1683 longam
719 1593 894 1660 absentiae
918 1599 1115 1670 conditione

100 1698 148 1755 nte
169 1683 435 1773 quadriennium
458 1682 604 1746 amissae
631 1704 677 1746 es.
703 1681 796 1766 quod
811 1704 881 1746 non
900 1695 949 1747 est
964 1709 1022 1751 eor
1044 1689 1114 1753 uier
1167 1724 1171 1729 ’

100 1773 212 1850 altrea,
243 1769 300 1834 sed
322 1770 392 1833 uier
404 1769 509 1832 lubre
526 1789 638 1831 zuaor.
680 1765 722 1830 In
743 1765 794 1830 his
818 1789 896 1832 vero
920 1771 1114 1859 ambiguitas

100 1865 258 1922 amovetur
272 1854 482 1918 distinctione
498 1863 660 1930 accentus,
682 1852 750 1937 qui,
772 1853 964 1920 ¹utdiximus
980 1866 1015 1946 p.
1025 1863 1114 1942 362„

99 1941 273 2009 [adverbio
291 1951 423 2022 acutus,
448 1940 484 2003 in
501 1937 748 2026 praepositione
763 1941 870 2024 gravis
887 1951 944 2005 est.

123 2044 127 2050 ’
148 2026 406 2114 Praepositionis
425 2024 578 2112 exempla
592 2025 660 2087 iam
683 2045 701 2086 a
716 2029 778 2087 'me
794 2023 889 2090 allata
904 2036 982 2091 sunt
997 2027 1114 2109 multa,

99 2109 240 2201 ,quibus
259 2110 413 2175 omnibus
435 2133 501 2195 una
523 2119 571 2174 est
594 2101 680 2172 ratio
704 2116 772 2172 tem
801 2110 868 2174 oria
894 2109 1057 2193 absoluti,'
1083 2124 1116 2178 et

99 2197 221 2263 [aliud
245 2203 373 2261 eertum
396 2204 527 2282 tempus
553 2192 666 2275 relati,
699 2132 797 2280 quod
806 2195 853 2277 ei,
882 2195 938 2282 qui
953 2196 1114 2284 loquitur.

99 2283 153 2353 iud
181 2305 252 2348 esse
274 2305 346 2347 non
367 2279 479 2370 potest
498 2279 561 2359 nisi
578 2300 745 2367 praesens.
787 2279 895 2346 Nemo
917 2281 1017 2370 igitur
1032 2276 1123 2348 dixit

99 2379 288 2456 itempore
311 2378 386 2432 ante
410 2377 483 2431 aeto
509 2377 590 2431 ante
606 2364 737 2451 aliquot
760 2364 833 2431 dies
856 2368 946 2433 uenit
962 2376 1025 2456 pro
1045 2370 1117 2434 a'li-
1191 2443 1196 2456 ,
1251 2348 1253 2363 Ι

99 2466 146 2520 tot
170 2466 252 2520 onte
273 2449 390 2519 diebus
416 2451 525 2533 uenit,
560 2448 625 2516 nisi
649 2448 755 2514 oratio
778 2452 818 2516 de
867 2452 1118 2541 raeteritis'agit

99 2562 242 2627 mqitam
266 2537 305 2602 de
355 2537 580 2602 raesentibus:
611 2535 784 2602 Cornelius
801 2476 874 2602 sib)

99 2623 218 2712 ripsit:
250 2625 315 2688 lanc
330 2563 551 2687 blitlzridates
567 2643 644 2686 cum
661 2639 747 2697 uno,
774 2621 830 2687 cui
844 2626 1036 2703 maximam
1047 2627 1118 2690 lia·
1190 2684 1195 2695 ,

98 2709 168 2810 uqa
182 2707 308 2799 fidem,
336 2720 418 2773 ante
441 2708 570 2795 aliquot
594 2706 667 2771 dies
691 2708 798 2787 uenit,
830 2706 1119 2798 compluribusque
1191 2761 1193 2766 ,

878 2544 1116 2621 atam.11,⁴l.
1203 2548 1206 2553 '
1266 2546 1270 2557 '

100 2814 153 2862 cra
170 2793 362 2882 separatim
374 2792 518 2880 gladios
545 2789 669 2868 obruit.
693 2803 748 2856 aut
764 2794 901 2858 nimiam
917 2815 984 2860 vnn
1001 2792 1119 2863 tribuit
1189 2837 1196 2844 -
1219 2798 1232 2863 “.

98 2882 229 2947 'ateriae
262 2881 446 2968 praesenti,
485 2888 541 2943 aut
576 2876 766 2943 adverbium
797 2878 951 2968 ambiguo
982 2879 1119 2968 quidem

98 2987 177 3047 nau,
194 2966 252 3030 sed
267 2987 337 3030 non
348 2974 480 3052 praeter
486 2963 739 3052 grammaticam
746 2963 911 3030 rationem
927 2973 1002 3031 ante
1018 2988 1119 3032 aceu-

98 3053 211 3118 tivum
226 3051 357 3139 posuit,
381 3061 437 3114 aut
451 3047 591 3136 denique
607 3048 855 3138 male'seripsit.
899 3051 1013 3138 Neque
1033 3076 1120 3118 con·
1177 3082 1205 3095 ’κ

98 3138 163 3219 trri
204 3147 319 3200 essunt
343 3136 405 3200 alia
430 3136 600 3222 exempla,
641 3132 677 3198 in
706 3131 823 3220 quibus
846 3134 966 3225 legitur
989 3135 1119 3226 aliquot

98 3161 253 3287 aleoba.
272 3263 279 3279 ·
296 3221 335 3286 In
355 3219 394 3284 iis
411 3220 501 3291 enim
516 3229 597 3286 ante
620 3229 668 3284 est
684 3218 894 3299 adverbium,
925 3245 995 3287 non
1019 3247 1135 3310 prae-x

98 3309 204 3372 esitio.
222 3329 284 3396 per
306 3306 529 3394 anastrophen
550 3307 762 3393 transposita.
803 3305 891 3371 Nam
911 3305 1009 3373 sicuti
1031 3319 1120 3374 reete

97 3394 194 3462 icitur
216 3399 340 3456 borram
364 3403 469 3476 pater
491 3390 614 3456 abltinc
641 3390 708 3455 duo
731 3403 764 3456 et
785 3388 911 3478 uiginti
936 3417 1045 3458 ‹rnrzos
1070 3403 1120 3457 est

97 3491 224 3543 tortuua
251 3479 319 3542 Cic.
348 3479 444 3540 Verr.
469 3481 508 3557 2,
531 3481 572 3552 9,
594 3477 650 3542 25.
670 3479 716 3541 ita
733 3477 988 3553 etiamtiam,
1013 3480 1066 3559 24,
1088 3479 1123 3551 5.

97 3563 264 3651 aderitque
276 3561 500 3714 nqpllgentia’
510 3572 604 3641 erat,
629 3581 719 3649 quae
736 3554 935 3628 Clau-laidem
951 3561 1030 3627 dies
1040 3575 1122 3629 ante
1184 3563 1193 3587 ‘

324 3673 336 3712 ι

97 3672 207 3736 'auqos
230 3668 297 3736 pra
339 3648 440 3713 derat
467 3655 498 3711 et
520 3647 657 3719 Sueten.
683 3647 775 3712 Caes.
794 3652 853 3718 481.
881 3670 1009 3732 paucos
1041 3653 1123 3714 urite

97 3752 204 3802 tenses
234 3746 275 3818 et,
292 3734 427 3798 Tacitus
443 3735 528 3796 Ann.
551 3737 609 3812 14,
630 3737 662 3796 9.
683 3733 772 3797 laune
797 3731 976 3821 suifiaem
997 3735 1122 3798 multoe

97 3832 155 3885 nte
186 3843 295 3884 annos
313 3823 315 3827 ’
333 3817 530 3882 crediderat
561 3816 763 3904 Agrippina
797 3830 1121 3906 contempseratque.

97 3913 287 3992 tuamquam
315 3926 385 3967 non
412 3903 600 3990 negaverim
624 3903 763 3967 inveniri
786 3903 945 3988 quaedam
968 3904 1122 3969 traiectae

97 3987 332 4077 raepositionis
357 3988 520 4074 exempla.
573 3988 659 4051 Nam
686 3988 843 4072 leguntur
872 3989 961 4076 apud
988 3991 1121 4054 Cornel.

97 4074 198 4141 thabr.
222 4082 260 4159 3,
286 4081 315 4139 1.
336 4072 427 4136 diem
455 4086 586 4138 certam
605 4108 648 4122 -
663 4071 766 4159 quarn
790 4085 872 4139 ante
894 4072 1033 4139 domam
1055 4074 1124 4139 nisi

96 4161 238 4246 edisset,
259 4159 349 4251 apud
366 4158 481 4227 Vellei.
498 4161 568 4247 Pa.
584 4165 622 4243 2,
646 4163 686 4226 91
696 4207 707 4245 ,
731 4165 762 4224 2.
784 4159 847 4326 quc
863 4171 963 4246 ante,
984 4158 1043 4227 abi
1057 4159 1123 4230 vid.

858 4267 877 4308 q
1115 4270 1121 4283 1
