2618 4770
428 82 462 115 ⁸
564 112 636 203 au
860 96 864 113 '
1066 95 1158 205 ut

150 358 273 425 andam
294 359 416 443 flectit,
449 381 521 425 non
545 370 656 447 potest
675 381 750 425 non
774 359 1021 428 admitteretur
1043 384 1126 435 non.

68 442 184 509 Veluti
201 444 283 510 Ter.
291 444 394 510 Phor.
411 447 442 523 5,
463 450 493 526 6,
518 452 569 511 12.
588 446 1130 535 1111111111111111111,111111111

10 530 18 593 i
70 526 195 615 ipsust.
245 530 286 595 ln
308 555 413 596 necne
427 531 518 599 nulla
540 532 680 597 omnino
697 542 747 596 est
771 533 959 620 oppositio,
987 532 1046 599 sed
1069 556 1126 599 aa·

70 615 178 701 qualis
193 616 382 703 inutraque
399 627 492 705 parte
507 618 705 683 dubitatio*
727 617 764 682 Gi
786 662 796 682 .
820 641 855 706 p.
879 619 967 696 Mur.
987 624 1047 701 11,
1068 621 1125 687 25.

25 726 36 775 ,·
46 706 58 749 ’-
61 712 186 800 1111111
208 702 273 789 agi
296 702 374 790 lege
397 726 519 783 necne,
536 704 648 789 pauci
664 640 838 792 quantiam
863 703 1027 773 sciebant.
1054 705 1128 783 1.(1.

10 102 25 163 p.

10 170 58 459 δ’
112 236 265 351 cambiis
286 270 447 341 sententia
459 244 705 363 praeoccupata
720 270 912 351 adulteram
927 284 1060 363 partem
1075 275 1132 355 als

10 452 24 521 ἑ

37 835 49 861 ‚
66 806 171 873 pauci
186 788 342 863 sciebant,
360 800 472 876 posset
481 789 532 876 agi
548 789 577 853 le
602 800 667 855 eet
681 800 896 878 nonposset.
929 791 1045 855 Horat.
1053 788 1130 867 Sat..

24 866 34 879 ⁶
68 876 106 949 1,
130 878 175 954 4,
197 874 252 938 45.
273 873 427 961 quidam,
446 814 624 940 comoetffic
640 898 745 940 necne
756 898 883 962 poema
897 887 994 958 earet,
1016 899 1128 974 qna&

63 957 191 1024 rivere.
222 960 245 1025 i.
260 983 288 1024 e.
319 972 403 1026 essct
431 971 464 1026 et
488 984 556 1024 non
582 972 685 1042 esset,
721 972 901 1048 utrumque
922 982 1129 1050 quaesivere·v
1205 1005 1207 1009 ν

10 1058 17 1121 ξ
65 1044 300 1133 &scripsisset
314 1070 455 1128 annon,
480 1047 571 1132 q'uod
583 1048 697 1135 potuit
716 1046 759 1110 ob
778 1070 825 1128 ea,
843 1069 927 1133 quae
944 1048 1123 1128 adduntur,

10 1156 15 1175 =
61 1132 235 1197 sententia
249 1133 440 1216 negantium
454 1133 597 1197 indicata
616 1143 710 1198 esset.
760 1133 848 1199 Haec
871 1133 985 1199 eadem
1010 1154 1125 1201 caussa

10 1260 19 1281 .
61 1227 138 1295 111,
167 1228 377 1305 quapropter
397 1242 502 1283 necne
527 1216 687 1289 nonnisi
709 1219 744 1282 in
763 1218 902 1311 obliquq
932 1221 1123 1305 interroga·
1217 1284 1219 1293 ,

60 1305 164 1369 tione
179 1304 265 1390 poni
281 1305 403 1382 soleat,
425 1328 472 1368 an
484 1328 553 1368 noa
567 1303 765 1392 plerumque
784 1304 818 1375 in
836 1315 922 1380 recta
931 1353 941 1385 ‚
965 1305 1072 1369 rarius
1085 1304 1123 1381 in

10 1456 25 1465 ,
61 1388 220 1475 obliqua.
267 1389 334 1469 Qui
353 1392 442 1456 enim
461 1401 551 1455 recta
575 1391 726 1457 oratione
743 1390 887 1477 quaerit,
919 1388 1123 1453 1111111111-
1170 1410 1173 1415 ·
1262 1451 1266 1459 ,

60 1472 163 1541 bibet
180 1475 443 1555 distinctionem,
468 1487 500 1540 et
523 1487 653 1540 tantum
676 1498 746 1540 non
770 1498 904 1562 semper
926 1484 1123 1561 occupatam
1157 1524 1160 1529 ,
1217 1495 1221 1503 ·

58 1563 268 1646 sententiam
283 1572 385 1626 tenet.
428 1562 467 1626 In
484 1564 673 1631 narratione
698 1561 779 1625 etin
797 1583 1007 1648 quocumque
1021 1559 1121 1624 dubi·
1226 1568 1230 1577 '

60 1647 206 1713 tationis
225 1648 276 1710 vel
294 1648 493 1745 quaestionis
519 1646 623 1713 factae
640 1647 783 1726 indicio,
807 1648 899 1734 quod
921 1645 1124 1734 exprimitur

65 1734 224 1797 oratione
240 1733 384 1818 obliqua,
411 1735 555 1799 diversae
570 1757 634 1806 res,
652 1733 693 1798 de
709 1733 826 1820 quibus
840 1733 1017 1813 dubitatur,
1035 1731 1123 1795 sim-

61 1818 203 1906 pliciter
218 1820 446 1895 nominantur,
470 1820 661 1906 aequalique
678 1820 780 1882 modo
796 1829 991 1883 nectuntur:
1017 1837 1121 1904 quare

62 1914 159 1969 recte
176 1916 428 1991 componuntur
449 1929 509 1992 per
531 1905 755 1993 copulativam
779 1928 894 1975 necne.
944 1907 1052 1989 Atque
1075 1903 1123 1967 ita
1148 1938 1151 1943 ,

66 1988 124 2073 fit,
153 1999 192 2056 ut
217 1991 329 2077 posito
354 2014 459 2055 necne
482 1991 572 2055 idem
596 1990 735 2056 verbum
758 1991 862 2054 rarius
889 1990 922 2057 in
946 1989 1123 2076 negatione
1153 2034 1157 2043 ι

27 2134 30 2139 .
64 2078 194 2141 iterum
217 2086 387 2162 repetatur
406 2099 505 2162 quam
529 2077 715 2144 omittatur:
744 2076 778 2140 id
811 2076 900 2163 quod
931 2074 1124 2139 Ernestinm

65 2171 244 2248 tantopere
259 2159 389 2240 fefellit,
404 2173 441 2225 ut
457 2163 498 2226 ad
515 2163 583 2227 Cic.
601 2163 632 2227 T
636 2167 749 2240 usc.2‚
777 2167 834 2242 12,
860 2166 914 2226 29.
938 2172 969 2224 11
988 2161 1029 2224 de
1043 2159 1125 2241 Nat.

66 2246 102 2311 d.
120 2253 162 2327 3,
185 2251 233 2327 7„
250 2252 301 2311 17.
317 2248 465 2335 regulam
479 2248 707 2315 incredibilem
723 2246 922 2327 conficeret,
947 2244 1122 2333 quasi-Ci-

68 2354 148 2397 cero
163 2352 347 2419 numquam
364 2333 399 2396 in
415 2332 475 2397 hac
490 2334 687 2421 loquutione
712 2333 800 2396 idem
816 2333 955 2398 verbum
981 2331 1029 2409 bis
1048 2336 1123 2417 'po-3

68 2418 207 2494 suisset,
227 2428 258 2482 11
273 2419 456 2506 scripsisset
470 2420 533 2483 lice
548 2420 646 2494 doce,
673 2419 810 2482 doleam
826 2442 942 2498 necne,
958 2415 1048 2482 nillil
1062 2416 1124 2479 iu-

68 2515 212 2582 1111111,
247 2526 316 2568 non
348 2503 504 2585 doleam,
539 2529 644 2571 necne
677 2503 824 2569 doleam.
874 2503 960 2567 Nam
984 2501 1121 2587 quando

67 2589 370 2654 notio-verbicum
391 2590 589 2655 distinctiori
605 2593 635 2653 vi
652 2590 863 2674 intelligitur,
885 2590 984 2652 etiam
1003 2587 1120 2651 Cicero
1198 2636 1202 2651 2
1251 2628 1260 2643 ι

68 2674 120 2739 bis
137 2675 237 2761 ponit
259 2675 415 2744 verbum.
446 2699 508 2740 nce
530 2677 710 2762 quidquam
735 2676 808 2760 ipse
824 2674 992 2738 Ernestius
1011 2683 1121 2736 muta-

68 2763 116 2831 rit
129 2761 166 2828 in
182 2760 260 2825 libr.
279 2762 319 2825 de
341 2762 451 2826 Divin.
475 2770 510 2842 1,
533 2767 593 2843 39,
614 2766 668 2829 86.
706 2761 781 2825 Vid.
796 2760 927 2838 Daris,
943 2756 1121 2823 Heindorf.

68 2857 103 2911 11
124 2845 250 2911 Moser.
275 2848 316 2910 ad
340 2848 407 2911 Cic.
433 2849 474 2911 de
499 2848 574 2912 Nat.
598 2848 630 2910 d.
654 2853 693 2925 3,
715 2845 766 2910 17.
801 2845 913 2909 Bromi
932 2845 972 2908 ad
993 2845 1062 2908 Cic.
1079 2844 1121 2909 de

67 2924 152 2996 Fat'o
175 2954 211 3018 p.
235 2933 288 3080 544.
336 2933 647 2999 (10111111111111.
665 2931 792 2997 defin.
813 2933 852 3008 5,
873 2935 933 3013 16,
955 2932 1008 2995 45.
1049 2929 1144 2995 niv.-

68 3021 89 3082 8
135 3022 195 3094 13,
220 3023 234 3080 1
261 3061 270 3080 .

48 3146 60 3155 -
96 3064 108 3100 ›
154 3100 197 3166 ll.
239 3103 326 3167 Haec
351 3103 486 3189 quidem
509 3103 549 3168 de
575 3102 853 3176 intermontano,
889 3101 922 3165 in
956 3123 1020 3188 qua
1052 3099 1120 3163 duo

67 3187 223 3253 membra
238 3188 345 3253 verbis
366 3191 610 3277 exprimuntur.
655 3189 697 3250 Se
744 3186 853 3250 omitti
875 3196 988 3285 potest
1015 3185 1125 3272 prima

67 3296 148 3360 pars
167 3273 407 3337 disiunctionis.
451 3275 535 3338 Hinc
552 3273 679 3337 exsistit
694 3272 909 3357 interrogatio
935 3295 994 3357 per
1018 3291 1122 3333 unam

66 3357 265 3446 particulam
281 3382 327 3423 aa
349 3358 511 3436 formata,
541 3360 631 3422 cuius
649 3358 716 3422 vim
733 3381 769 3420 ac
785 3359 1028 3444 proprietatem
1049 3376 1123 3420 non

68 3466 139 3508 uno
169 3444 275 3507 modo
310 3446 554 3508 constituerunt
573 3444 797 3531 grammatici.
849 3442 1056 3506 Tursellinus
1087 3449 1123 3510 11

16 3578 24 3585 -
68 3531 188 3594 Parcus
205 3531 233 3592 ei
248 3530 435 3593 tribuerunt
457 3531 525 3594 vim
547 3529 691 3595 instandi
712 3529 918 3615 negandique
940 3525 1123 3591 vehemen-

67 3616 154 3679 tius:
179 3614 396 3702 schwartzius
421 3617 520 3680 etiam
535 3616 602 3680 vim
623 3614 824 3702 occupandi,
857 3634 956 3698 quam
980 3611 1121 3676 alienam

68 3722 141 3765 csse
157 3700 286 3764 notavit
301 3701 494 3783 Ernestius,
520 3703 576 3766 sed
598 3711 733 3765 temere.
783 3699 892 3762 Etiam
914 3699 1124 3785 Hermannuq

69 3786 250 3872 aliquando
272 3786 490 3872 opinabatur,
514 3786 714 3874 obpropria
736 3784 903 3868 requirere
928 3783 1122 3870 responsio-

68 3895 149 3936 nem
168 3874 367 3956 negativam.
411 3873 626 3938 Contrarium
651 3872 766 3949 docuit
782 3868 955 3933 Schiitzius
972 3869 1024 3933 his
1044 3890 1122 3933 ver-

68 3958 139 4025 biaz
170 3958 357 4042 „Particula
383 3974 432 4049 111
454 3959 606 4048 primum
629 3955 849 4047 praeponitur
868 3954 1122 4044 interrogationi
