2618 4770
37 360 39 365 .
156 303 218 370 194
482 368 485 377 ,
619 292 781 377 AEQVE.
1011 315 1014 321 '

81 396 84 424 ,
656 393 666 403 ,.
1087 424 1089 435 Α
1117 428 1121 433 ¹

156 435 257 525 rebus
271 453 317 523 ita
333 453 397 520 sibi
413 473 460 551 op
487 453 545 517 oni
571 450 692 518 docent
714 449 933 521 schwartzius
956 447 994 520 in
1017 450 1183 522 Turssfliu

157 543 288 628 aliique.
331 541 424 621 Quae
476 537 608 602 eaii’ert
615 585 625 618 ,
647 537 714 601 duo
738 544 815 600 sunt
830 538 984 626 exempla
995 534 1111 606 Taciti
1127 538 1183 603 Hist

158 635 197 710 1,
217 633 256 708 7,
280 629 312 690 4.
332 623 455 689 eadem
467 645 576 688 nouae
600 623 702 687 auiae
719 622 817 686 mala
836 646 941 710 aequae
960 625 1112 712 grauia,
1138 647 1183 690 uu

156 735 261 800 aeque
276 721 448 776 excusata.
479 711 557 796 Agr.
584 708 635 773 15.
662 730 767 794 aeque
790 706 1004 773 discordiam
1019 711 1182 798 praeposi-

77 790 84 803 *
156 810 280 878 torum,
300 817 405 883 oeque
423 792 643 858 concordiam
659 790 815 857 subiectis
831 794 1024 862 exitiosam.
1064 795 1115 860 Ad
1125 794 1183 891 hau¹

155 883 345 949 Ernestius:
368 880 539 969 „primum
564 878 754 966 exemplum
779 887 828 942 est
852 878 1017 945 alienum:
1044 881 1081 946 in
1102 879 1166 945 altu

156 979 207 1033 est
223 964 392 1055 anaphora
410 987 482 1029 non
498 964 754 1051 elegantissima:
781 963 845 1027 nisi
861 962 950 1031 iortc
973 967 1073 1031 ctiam
1093 964 1175 1053 legen·

60 1048 75 1073 ‘
156 1054 258 1118 dum:
280 1074 321 1116 oe
367 1049 778 1147 ediscordiompsotque
797 1048 1020 1115 concordiam
1033 1074 1061 1115 s.
1078 1050 1174 1117 ert

156 1140 216 1209 adi
241 1158 318 1201 sum
357 1136 495 1200 scitum:
515 1133 863 1216 „Dubitanteralicubi
878 1137 1001 1202 tentavi
1011 1148 1172 1224 atquecat-

154 1246 214 1289 cor
247 1224 323 1287 'am
347 1222 434 1286 Nam
445 1243 550 1308 aeque
565 1231 737 1308 comparat
748 1221 815 1285 duo
830 1220 919 1286 inter
930 1243 977 1303 se,
992 1220 1029 1285 h.
1037 1222 1061 1286 l.
1076 1220 1171 1286 discor·

153 1308 245 1374 diam
262 1317 302 1391 ¹et
323 1306 555 1388 concordiam,
586 1308 673 1380 inter
701 1327 785 1392 quae
808 1306 913 1372 semel
936 1317 1069 1372 tantum
1090 1307 1170 1371 locun

152 1393 272 1471 habet,
293 1404 331 1457 ut
342 1390 499 1480 perinde.
544 1391 760 1458 Schwartzius
781 1401 892 1455 tamen
909 1392 951 1457 ad
967 1366 1183 1479 Titrtrellinili-⁴¹

152 1479 253 1545 brum
268 1477 310 1544 de
328 1489 414 1567 part.
429 1478 634 1542 rarissimum
657 1477 723 1541 hoc
741 1499 811 1541 esse
834 1477 978 1558 dicebat,
1002 1479 1061 1543 sed
1084 1475 1183 1541 conio·-

151 1564 246 1630 rebat
259 1564 373 1629 locum
388 1565 491 1628 alium
509 1561 616 1638 Taciti
628 1563 670 1626 H.
691 1569 729 1642 1,
746 1567 778 1627 7.
797 1563 853 1650 qui
873 1573 923 1629 cst
942 1563 1044 1651 plane
1057 1563 1170 1628 dissim-

54 1700 62 1716 1-
151 1650 210 1734 lis,
230 1650 350 1715 utiam
365 1648 444 1714 alibi
460 1649 540 1715 dixi.
584 1648 672 1712 Nam
687 1647 786 1717 cuivis
807 1658 944 1735 apparet
961 1647 1016 1713 hic
1031 1649 1169 1724 malano·

60 1760 63 1765 ’
143 1758 211 1810 ,vae
228 1737 320 1803 atilae
341 1734 528 1823 comparari
544 1732 641 1797 malis
656 1732 774 1799 veteris
797 1732 903 1798 aulaei
936 1734 983 1800 ita
1008 1735 1087 1799 dicit
1099 1733 1169 1797 fuisse

84 1897 87 1902 ,
150 1845 254 1909 aeque
276 1821 385 1911 mavia
409 1829 506 1967 attpue
528 1819 646 1882 veteris
670 1817 891 1900 aulaemsla,
919 1821 977 1885 sed
1002 1838 1170 1905 nonaeque

150 1918 304 1972 excusata
326 1915 426 1990 atque
472 1904 513 1967 la.
558 1903 708 1967 Similior
732 1914 763 1968 et
787 1904 827 1968 ad
849 1903 964 1968 locum
988 1917 1172 1993 praesentem

143 1993 311 2074 tuendum
329 1988 613 2052 accommodatior
626 1987 720 2052 locus
734 1990 863 2054 Horatii
879 1989 985 2077 Epist.
1010 1997 1050 2073 1,
1079 1998 1113 2073 1,
1135 1988 1174 2054 tt.

147 2100 172 2140 a
236 2072 487 2160 epauperibns
502 2072 666 2159 prodest,
697 2073 926 2160 locupletibus*
941 2099 1065 2165 aeque,
1096 2095 1177 2163 quem

146 2099 233 2224 miii
246 2159 407 2244 suggessit
433 2159 630 2224 Gesnerus.“
671 2155 747 2247 ipsc
769 2162 933 2248 Gesnerus
948 2162 985 2225 in
1002 2161 1179 2227 Euchiridio

90 2254 102 2277 “
141 2245 307 2325 coniecit,
326 2246 363 2309 in
380 2243 534 2330 Agricola
558 2243 769 2319 scribendum
788 2268 855 2310 esse
881 2251 1001 2333 atque:
1023 2248 1111 2334 quod
1128 2263 1182 2330 ego

145 2334 280 2416 quoque
294 2329 358 2396 feci
373 2333 406 2395 in
424 2330 514 2394 notis
533 2330 572 2395 ad
593 2331 755 2395 Gronovii
770 2331 908 2396 Distrib.
922 2354 957 2418 p.
975 2335 1051 2403 411.
1067 2333 1183 2420 proba·

144 2425 326 2496 verunt,2ut
337 2415 447 2499 audio,
461 2416 627 2482 Barkerus
636 2417 671 2479 in
681 2416 895 2482 animadvers.
905 2419 944 2482 ad
953 2417 1060 2482 Taciti
1069 2420 1183 2488 Germ-2

141 2499 335 2582 Dronkius‚
357 2499 423 2565 alii.
466 2498 637 2588 Quidquid
655 2499 848 2566 decernatur
871 2502 1049 2589 aliquando
1060 2504 1114 2567 ··de
1133 2505 1183 2566 io-

142 2587 294 2674 tegritate
308 2585 371 2650 loci
387 2584 576 2667 Horatiani,
608 2609 707 2672 quem
724 2585 795 2675 ipse
813 2582 895 2650 olim
910 2611 980 2653 non
999 2596 1127 2653 tautum
1140 2579 1183 2652 ol

141 2691 241 2735 usum
262 2669 445 2758 particulae
470 2671 505 2736 in
531 2669 670 2736 dubium
695 2694 906 2755 vocaveram,
935 2695 1024 2738 nunc
1049 2669 1183 2740 solerter

141 2754 291 2821 defendit
307 2754 488 2833 ObbariuS,
508 2767 628 2844 poetae
648 2757 781 2844 quidem
797 2754 890 2822 licuit
910 2780 968 2822 sua
989 2758 1089 2826 verba
1105 2758 1183 2824 sen·

140 2842 192 2907 sui
217 2843 319 2906 animi
337 2839 506 2906 commoti
522 2838 801 2907 accommodaret·
823 2849 1070 2926 verumtamen,
1096 2855 1183 2929 totu-f

139 2928 168 2991 si
183 2949 296 2992 versus
312 2927 352 3014 ab
369 2927 463 2991 omni
479 2925 666 3015 suspicione
681 2925 862 2992 vindicatus
881 2931 961 3012 erit,
976 2925 1080 3012 iliud,
1099 2946 1183 3017 quoc

139 3010 241 3098 aliqui
257 3010 385 3077 codices
404 3007 584 3099 praebent,
608 3009 828 3098 locupletibus
848 3026 885 3078 at
907 3037 965 3098 ue,
984 3017 1042 3080 vix
1064 3016 1183 3104 poterii

136 3096 285 3187 probari.
319 3095 392 3163 Alia
410 3107 459 3162 est
474 3096 586 3183 caussa
601 3096 637 3162 in
649 3098 758 3163 Taciti
771 3039 941 3188 Agricoia,
963 3096 1020 3165 ubi
1036 3101 1183 3189 anapho-

134 3205 192 3247 rae
218 3182 328 3255 nullus
354 3181 549 3248 conceditur
568 3181 672 3248 locus.
729 3182 798 3255 Nec
825 3179 1117 3265 sufficitdefensio
1143 3187 1183 3251 ab

134 3264 282 3334 Hertelio
297 3286 406 3355 nuper
420 3265 607 3356 proposita,
628 3271 719 3355 quasi
734 3266 770 3333 in
781 3267 888 3335 verbis
904 3293 1009 3356 aeque
1021 3307 1062 3338 τ-
1082 3297 1124 3338 ae
1151 3293 1183 3338 re

115 3354 226 3452 paria
254 3375 331 3416 com
359 3364 520 3436 orantur,
556 3376 629 3418 non
656 3365 766 3439 autem
798 3367 1047 3443 comparentur.
1131 3380 1180 3423 am

130 3460 244 3530 ipsum
258 3377 458 3504 vaccinum
475 3458 579 3526 aeque
601 3437 638 3503 in
660 3462 694 3504 se
715 3437 816 3505 habet
836 3438 982 3526 nativam
1005 3465 1180 3531 compara-

106 3559 109 3562 <
130 3527 232 3589 tionis
247 3523 440 3605 notionem,
462 3525 559 3612 sicuti
574 3535 675 3611 atque
693 3525 761 3590 vim
777 3525 1008 3614 copulativam.
1052 3527 1180 3594 Tamen

129 3626 243 3674 veram
253 3609 346 3673 ¹nunc
362 3621 445 3699 puto
462 3610 680 3697 scripturam,
701 3613 859 3696 quoniam
875 3607 932 3675 ubi
948 3619 1049 3700 atque
1066 3635 1180 3679 emen·

130 3692 248 3778 datur,
285 3687 464 3761 sententiae
491 3696 536 3759 vis
562 3697 596 3758 in
626 3694 727 3759 altera
751 3703 844 3782 parto
875 3694 1088 3786 infringitur,
1118 3723 1179 3765 nec

41 3788 42 3795 ’
154 3779 531 3868 rorsusimprobaverim
548 3780 714 3846 rationem
730 3781 1052 3868 aBriiggemannoin
1063 3782 1180 3873 progr.

126 3799 457 3953 iiusseldorp.1824.
478 3866 565 3929 edito
590 3888 626 3952 p.
648 3871 698 3930 19.
717 3865 822 3929 modo
844 3889 914 3929 non
929 3877 1018 3934 recte
1039 3873 1179 3959 exposi-

22 3997 24 4009 .
112 3958 206 4013 tam.
249 3949 288 4031 In
308 3973 414 4036 aeque
432 3969 595 4036 *aeque
612 3949 932 4037 enimcomparatio
952 3950 990 4031 fit
1014 3976 1057 4022 ex
1083 3967 1178 4023 utra-

125 4045 301 4120 queiparte
315 4035 469 4107 vicissim.
512 4035 635 4098 Similis
652 4045 699 4098 est
723 4034 824 4097 dictio
843 4047 879 4099 nt
902 4037 991 4114 cidi,
1021 4038 1176 4126 ustp'erii.

39 4164 42 4172 ,
124 4116 167 4196 dr
183 4121 267 4201 toea,
290 4117 334 4200 aig
347 4114 469 4206 ἐμάνην.
494 4120 535 4187 dc
551 4142 615 4208 qua
631 4119 696 4213 vid.
709 4118 867 4188 Matthiae
877 4121 1040 4221 adEnrip.
1052 4116 1175 4198 Electa

1049 4460 1060 4481 Ι
