2618 4770
309 311 710 442 ‘Mauso'
857 297 1095 469 ‘''151
1160 293 1167 308 's

29 493 156 574 =entem‚
178 493 251 580 ipsa
266 492 329 559 hac
351 514 389 557 re
403 491 542 580 decepti,
559 491 793 556 existimarunt
805 493 893 566 adeo
910 493 1116 582 significare·
1189 534 1193 545 ι

29 628 39 653 ,-
48 580 144 660 idem,
165 579 370 664 quodnam,
393 580 527 654 etenim,
549 577 683 664 qnippe.
728 577 803 641 Vid.
820 580 904 666 Aug.
923 582 1011 646 Guil.
1026 581 1093 647 Er·

51 665 168 731 uastius
191 665 228 728 in
254 664 402 743 Glolssar.
424 664 495 729 Liv.
539 663 604 730 Alii
625 686 686 749 per
708 665 840 750 itaque,
863 667 991 752 igitur,
1014 667 1092 738 ideo

52 751 248 838 interpretati
264 761 352 814 sunt.
375 750 436 813 Vd.
454 747 637 814 Gernhard.
655 749 695 812 ad
712 750 779 813 Cic.
797 750 865 815 Off.
883 775 917 837 p.
932 753 985 816 46.
1008 755 1094 822 Ges-

54 859 114 902 ner.
145 837 180 899 in
210 836 319 900 indice
346 835 506 915 Quinctil.
547 834 656 897 Nemo
682 824 848 900 rationem
871 837 906 900 in
936 839 1092 902 omnibus

42 920 161 1007 ''nnam‚
189 921 249 985 sed
264 922 391 986 diversa
408 921 566 984 orationis
583 917 696 997 forma
710 921 887 1003 variatam,
916 922 1093 1013 investiga·
1146 927 1148 932 ’
1232 932 1233 936 ’

38 1008 95 1075 eit
110 1006 281 1094 subtiliter.
327 1007 421 1091 Quae
436 1006 589 1093 equidem
605 1005 794 1086 observavi,
819 1007 899 1072 haec
914 1019 1001 1072 sunt.

56 1162 59 1167 ,
127 1098 157 1157 1.
188 1091 255 1157 Vbi
278 1091 386 1178 aliqua
408 1115 480 1173 res,
508 1114 591 1178 quae
609 1113 729 1178 magna
756 1103 789 1154 ct
809 1093 999 1172 nimiaest‚
1037 1105 1093 1156 aut

44 1187 132 1243 certe
153 1178 240 1242 mira
261 1177 365 1243 videri
387 1187 516 1264 potest,
553 1188 585 1241 et
605 1177 774 1263 vidgarem
793 1179 935 1244 modum
951 1180 1092 1255 excedit,

39 1276 45 1289 ·
61 1265 87 1327 in
99 1264 285 1329 narratione
299 1263 351 1327 vel
369 1263 581 1327 incontentia
597 1263 706 1349 posita
722 1273 802 1344 erat,
824 1287 884 1351 per
897 1265 1093 1352 particulam

58 1368 136 1431 suno
156 1348 287 1419 additur
304 1349 558 1437 argumentatio,
582 1369 646 1434 qua
662 1348 920 1430 demonstretur,
944 1371 1093 1414 caussam

35 1432 194 1515 jeuffioere
213 1435 255 1496 ad
272 1426 482 1498 efficiendam
499 1435 596 1498 istam
616 1455 706 1514 rem,
736 1456 876 1521 eamque
894 1436 1001 1523 ipsam
1018 1459 1093 1499 ma-

60 1541 141 1604 gnam
160 1518 287 1586 habere
309 1528 521 1607 potestatem.
564 1517 720 1582 Refertur
734 1520 837 1606 igitur
850 1543 901 1584 res
915 1543 1035 1607 magna
1051 1521 1094 1585 ad
1131 1580 1133 1583 .

41 1622 44 1627 ’
62 1626 173 1681 nassae
191 1626 383 1670 mensuram
400 1605 578 1691 aequalem,
590 1604 647 1669 sed
663 1609 739 1668 cum
755 1605 940 1668 mirationis
956 1607 1092 1686 indicio,

66 1690 134 1755 cuns
150 1689 284 1759 defectu
301 1690 459 1754 differunt
474 1690 634 1756 vocabula
651 1703 726 1762 tam
742 1701 775 1754 et
790 1702 987 1777 tantopere,
1009 1712 1093 1776 quae

37 1776 232 1841 ,mensuram
262 1776 459 1863 simpliciter
491 1776 673 1861 designant.
719 1776 918 1851 Particulam
938 1776 974 1839 in
996 1777 1092 1839 initio

63 1863 221 1929 mantiae
238 1884 371 1949 semper
386 1860 537 1926 obtinere
550 1861 664 1924 locum
679 1883 813 1941 necesse
829 1871 889 1925 est.

39 1944 61 1969 ‘¹
144 1948 230 2001 Tacit.
247 1952 316 2000 Anu.
333 1948 366 2012 1,
383 1945 425 1999 50.
443 1948 515 1999 iuvit
536 1947 744 2005 nassiternas
761 1946 899 2001 illustris.-
926 1957 1093 2016 ventremque
1186 1981 1188 1984 ⁴

27 2076 34 2091 .
114 2033 149 2086 ad
163 2037 244 2096 ¹vienn
261 2035 445 2096 Marsorum,
465 2043 494 2086 et
512 2033 697 2088 circumdatae
713 2035 869 2097 stationes,
897 2033 991 2085 stratis
1007 2035 1092 2087 etiarn
1179 2074 1181 2081 .

116 2133 170 2173 turn
186 2139 237 2189 per
253 2116 358 2172 cubilia
378 2114 548 2189 propterque
568 2137 676 2171 mensas
696 2117 776 2171 nullo
793 2127 885 2182 metu,
903 2135 959 2170 non
975 2127 1093 2185 antepo-

23 2260 28 2275 ,
79 2203 310 2276 ‘·sitisvigiliis.
345 2202 427 2256 Adeo
445 2213 543 2254 cuncta
561 2206 667 2256 incuria
680 2203 799 2258 disiecta
813 2212 900 2256 erant.
919 2203 936 2253 i.
955 2221 977 2253 e.
998 2221 1031 2253 ne
1046 2203 1092 2252 ni-

116 2291 190 2343 uiinm
205 2300 251 2340 aut
262 2289 356 2345 mirum
370 2288 399 2338 id
408 2288 536 2351 videatur,
548 2297 644 2338 cuncta
652 2298 874 2356 ereuttantopere
882 2288 1000 2339 disiecta.
1018 2286 1093 2363 1,,81.

29 2420 32 2425 .
114 2372 146 2429 le
169 2375 290 2428 comitiis
305 2370 513 2433 consularibus,
538 2392 610 2444 quae
628 2383 687 2424 tnm
703 2377 825 2442 primum
846 2372 898 2425 itto
917 2374 1044 2443 principe
1061 2390 1094 2424 ae
1140 2362 1143 2365 ¹

115 2450 239 2530 deinceps
255 2453 351 2527 fuere,
378 2458 427 2510 vix
446 2458 600 2531 quidquam
619 2458 737 2527 firmare
756 2462 854 2512 ausim.
881 2458 962 2512 Adeo
984 2440 1120 2509 diversa*

85 2564 89 2577 ¹
117 2562 168 2599 non
184 2543 271 2598 modo
293 2541 373 2613 apud
392 2542 536 2616 auctores,
569 2543 619 2595 sed
645 2545 673 2592 in
701 2546 792 2613 ipsius
817 2540 993 2597 orationibus
1016 2560 1093 2610 repe·

114 2634 228 2684 riantur.
268 2629 325 2682 Liv.
353 2628 474 2692 21,11,
494 2628 519 2685 1.
552 2646 637 2698 quum
666 2629 767 2680 Hanno
793 2637 965 2698 perorasset,
990 2627 1093 2680 nemini

116 2718 235 2768 omnium
257 2724 361 2769 certare
383 2732 446 2766 cum
464 2730 497 2768 eo
523 2731 632 2765 necesse
644 2709 726 2782 fuit:
748 2712 820 2766 adeo
836 2729 927 2781 prope
946 2713 1036 2764 omnis
1052 2715 1093 2763 se'·

116 2811 194 2851 natas
213 2797 381 2858 Hannibalis
399 2808 468 2852 erat.
493 2795 590 2862 2,27,
609 2795 635 2849 3.
667 2797 700 2862 2,
717 2784 761 2865 28,
779 2798 804 2850 2.
828 2797 853 2862 8,
863 2795 913 2859 ι37,
933 2796 959 2848 2.
987 2797 1093 2863 Dialog.

116 2886 147 2936 de
169 2902 242 2936 corr.
266 2869 335 2952 eloti.
357 2884 400 2935 21.
440 2882 591 2935 Pacuvium
619 2892 689 2935 certe
712 2893 741 2935 et
768 2883 883 2934 Attium
917 2898 973 2932 non
1001 2878 1091 2934 solum
1168 2895 1170 2899 ·

116 2967 283 3043 tragoediis,
312 2965 474 3021 sedetiam
494 2965 669 3024 orationibus
695 2970 754 3020 suis·
776 2965 932 3036 expressit:
956 2963 1028 3018 adeo
1044 2964 1095 3017 du·

114 3070 158 3106 rus
177 3062 205 3106 et
225 3054 313 3113 siccus
330 3062 381 3104 est.
403 3053 517 3103 Invencl.
542 3050 592 3115 14,
609 3051 669 3104 233.
687 3069 766 3104 nemo
789 3052 860 3103 satis
874 3048 964 3104 credit
983 3060 1095 3103 tantum
1137 3094 1139 3098 Α

114 3137 281 3210 delinquere,
301 3149 435 3208 quantum
452 3134 619 3209 permittas.-
649 3136 722 3196 adeo
750 3134 900 3206 indulgent
925 3133 982 3218 sibi
1008 3135 1094 3189 latine

115 3226 178 3294 ipsi.
204 3221 238 3284 ³,
262 3218 324 3281 272,
959 3225 961 3228 ⁴

112 3294 164 3363 a.
185 3290 266 3355 Non
279 3292 406 3360 diversa
420 3289 459 3354 ab
475 3289 527 3353 his
546 3289 698 3378 exempla
715 3299 803 3370 sunt,
829 3288 864 3353 in
881 3288 999 3374 quibus
1014 3285 1094 3350 haec

61 3376 208 3467 particula
229 3375 440 3464 parenthesin
458 3377 630 3439 constituit
648 3398 785 3461 eamque
801 3375 928 3459 incipit.
973 3373 1021 3435 Ea
1036 3393 1095 3434 re·-

59 3483 91 3526 ro
108 3470 142 3529 'et
168 3461 212 3525 ob
237 3463 397 3532 orationis
423 3459 568 3525 formam
586 3461 734 3526 notanda
750 3472 837 3543 sunt,
861 3469 893 3524 et
908 3466 1095 3546 propterea,

58 3550 137 3645 ilnod
162 3548 258 3635 iniis
283 3547 389 3634 magis
418 3557 532 3641 aperta
559 3558 608 3617 est
633 3546 822 3640 explicandi
842 3545 890 3610 vis
915 3540 1103 3635 particulae.

54 3634 206 3770 mbmiiiv.
225 3719 277 3783 21,
294 3717 337 3786 20,
357 3718 383 3771 8.
412 3716 462 3772 sed
486 3738 520 3772 ne
544 3717 724 3791 aliquidem
751 3718 809 3790 ipsi
827 3718 896 3771 sctis
918 3716 1011 3767 utitem
1029 3731 1096 3784 gen·
1162 3719 1168 3725 “
1221 3776 1223 3784 1

114 3817 171 3860 tem
179 3801 251 3875 sore
269 3805 358 3874 (adeo
366 3801 487 3876 ferocia
504 3813 587 3875 atque
607 3801 746 3862 indomita
762 3807 874 3875 ingenia
892 3800 970 3865 esse)
987 3800 1016 3852 ni
1034 3796 1098 3879 sad·

46 3922 52 3931 ·
114 3889 182 3946 inde
199 3906 266 3943 curo
284 3918 319 3932 -
336 3893 494 3961 principum
511 3890 599 3945 animi
620 3888 809 3958 concilientur.
827 3885 911 3939 Tacit.
926 3891 993 3934 Ann.
1014 3882 1040 3948 2,
1053 3881 1097 3935 28.

21 4034 25 4047 ¹
118 3993 177 4026 non
198 3973 276 4027 cultu
295 3975 451 4040 alienatus,
469 3992 526 4027 non
542 3972 633 4028 verbis
653 3976 819 4035 commotior
838 3969 928 4038 (adeo
948 3972 1018 4047 iram
1035 3987 1097 4020 con·

113 4060 254 4126 diderat),
274 4071 423 4134 cunctaque
440 4063 500 4114 eius
515 4058 592 4113 dicta
601 4055 751 4132 factaque,
770 4073 856 4129 quum
870 4044 1015 4129 prodidere
1031 4067 1098 4124 pm·

116 4156 173 4211 set,
202 4149 272 4200 scire
290 4144 423 4205 maletat.
459 4146 516 4200 Liv.
532 4144 559 4212 9,
575 4143 620 4210 26,
640 4143 681 4207 17.
707 4143 733 4208 3,
753 4140 779 4204 4,
799 4141 825 4193 2.
896 4194 899 4198 .
