2618 4770
122 281 143 341 e
380 230 383 237 ¹
484 275 532 356 e,
573 273 647 356 AB,
691 240 783 339 aas

122 430 281 497 Burman.
307 427 348 493 ad
362 424 422 494 Vir
445 471 454 490 .
472 433 502 509 1,
517 428 592 508 626,
612 430 644 509 8,
661 429 735 499 teo.
778 421 833 488 Ab
851 424 1121 494 0001070010.
1141 432 1189 510 3,

126 520 269 593 50186.
302 450 466 660 Exempla
502 511 630 582 litterae
656 529 675 574 a
703 509 864 598 praebent.
888 511 1012 600 Hirtius
1040 514 1081 578 B.
1102 511 1181 577 nfr.

125 607 180 674 72.
199 599 242 675 ab
261 597 351 670 Zela
366 607 399 665 et
437 595 546 668 ullust.
565 594 637 684 lug.
655 600 709 678 at,
726 601 757 661 1.
773 592 817 661 ab
835 594 962 667 Zama.

229 701 306 766 Quod
327 701 487 757 Goerenniue
511 699 546 758 ad
568 698 623 750 cic.
644 698 678 751 de
701 698 766 764 leg.
791 695 950 762 8,10,86.
974 699 1128 759 observasse
1146 716 1174 753 to

195 789 310 847 dixerat,
326 784 437 836 Letlnoe
452 802 607 841 concursum
622 783 767 853 dupliciae
779 781 879 849 vitare,
897 782 1011 851 ideoque
1025 781 1062 834 ab
1077 800 1174 853 ponere
1186 812 1197 819 -

193 873 295 933 palere,
310 870 393 922 veluti
407 887 544 942 generosa
556 866 593 921 ab
613 873 701 941 stirpe
719 868 772 919 (lio.
790 866 823 919 de
838 867 926 919 Divin.
942 870 966 930 1,
984 869 1027 933 12,
1040 868 1085 933 20,
1100 888 1174 928 caps.

68 1010 80 1019 „
119 1018 123 1025 ,
193 975 226 1008 sa
242 951 279 1009 ab
287 973 317 1017 se
327 955 356 1006 in
365 955 456 1012 Pisan.
467 953 511 1023 38,
519 952 565 1021 92,
574 954 603 1006 id
613 972 667 1006 non
683 963 811 1023 perpetuo
825 971 873 1005 usu
888 964 1009 1006 constare
1023 955 1080 1022 ipse
1094 954 1173 1005 intel*

191 1039 258 1092 lexit
275 1038 311 1100 ad
323 1039 403 1101 Acud,
418 1040 450 1107 1,
462 1043 497 1106 2,
513 1039 539 1096 8.
565 1039 612 1100 ubi
626 1039 705 1101 effert
720 1038 749 1090 in
766 1037 843 1088 until.
860 1035 887 1102 8,
899 1036 927 1102 9,
943 1038 986 1090 21.
1002 1057 1036 1094 ea
1049 1056 1068 1090 0
1084 1037 1175 1108 perdi

191 1123 410 1194 00001001,
426 1123 627 1198 0144001040
643 1143 662 1177 0
676 1139 789 1193 magno.
806 1123 907 1174 Temen
923 1122 990 1182 illud
1000 1122 1176 1191 probaverunt

190 1211 329 1275 Moseraa,
347 1221 375 1264 et
387 1212 505 1264 aremius
525 1211 561 1266 ud
576 1210 683 1264 Gornal.
697 1208 778 1262 Dion.
794 1206 820 1271 1,
834 1207 861 1260 2.
875 1207 953 1260 rebus
968 1224 1023 1268 non
1037 1207 1177 1276 diligenter

97 1337 104 1341 .
190 1290 338 1373 perpensis.
372 1298 466 1375 Neque
499 1306 599 1349 certum
626 1295 773 1367 putaverim
797 1309 856 1345 euni
877 1291 1104 1360 observationem,
1127 1311 1175 1364 qur

104 1430 108 1441 ,
191 1380 355 1437 Goerenniua
369 1381 404 1440 ad
414 1382 469 1433 010.
485 1381 518 1441 (10
531 1378 627 1448 luna
646 1381 693 1449 21,
711 1377 755 1433 72.
778 1378 805 1442 2,
816 1376 859 1442 21,
871 1375 915 1430 72.
930 1378 965 1429 ud
982 1376 1099 1440 Acad2,
1112 1376 1137 1445 1,
1150 1376 1174 1432 8.

194 1464 306 1530 invenlt,
320 1466 456 1537 proprium
467 1467 549 1519 101000
557 1465 694 1531 Ciceroni,
711 1475 742 1516 ut
756 1470 814 1516 cum
831 1462 912 1519 verbo
923 1459 1027 1524 abesse,
1042 1459 1175 1523 abducere

69 1582 77 1604 =.
191 1552 364 1621 coniungeret
374 1540 425 1616 ((0,
444 1568 499 1607 000
514 1571 542 1612 a.
575 1551 656 1604 Nulla
671 1548 741 1611 enim
760 1547 918 1615 intelligitur
933 1548 1015 1610 ratio,
1036 1547 1124 1608 001100
1138 1558 1175 1601 eet

192 1636 372 1706 exemplorum
393 1654 544 1689 consensus.
576 1636 649 1687 Loca
670 1650 820 1704 apponere,
849 1631 983 1702 inquibus
999 1632 1174 1695 0100000001-

191 1721 247 1790 pait
268 1717 367 1782 abesse
389 1739 409 1774 a
431 1730 493 1773 unte
516 1728 705 1772 consonantem
731 1735 786 1773 non
810 1735 906 1786 operae
927 1718 1042 1788 pretium
1064 1719 1175 1772 videtui-t

192 1807 304 1872 Magnae
331 1815 373 1856 cst
386 1823 478 1857 eorum
491 1823 622 1856 numerus.
655 1805 749 1873 Neque
762 1803 791 1855 in
807 1803 986 1871 geminatione
996 1798 1173 1879 praepositio-

190 1891 233 1948 nin
253 1889 343 1959 quaeri
357 1899 447 1962 potest
462 1899 549 1940 certus
565 1889 661 1958 uliquis
676 1908 753 1953 uene,
773 1888 806 1939 de
819 1904 871 1955 quo
884 1906 950 1956 quae
970 1890 1130 1949 Goerenniun
1143 1893 1177 1942 ud

140 1996 143 2003 ·
190 1973 254 2024 libr.
278 1973 312 2024 (10
334 1972 393 2023 Fin.
408 1991 435 2042 p.
455 1971 517 2026 273.
536 1973 621 2039 dixit,
651 1994 684 2027 ex
698 1984 776 2044 parte
791 1973 920 2026 tolluntur
933 1973 976 2039 iis,
994 1991 1060 2042 quae
1077 1995 1104 2045 p.
1118 1974 1177 2030 580.

190 2057 291 2108 docuit.
324 2055 376 2107 Sed
397 2056 426 2106 in
449 2053 920 2127 Ven.4,18.59.legiturabesse
941 2056 1078 2130 adamo,
1107 2059 1176 2125 106,

126 2161 128 2165 ¹
193 2141 240 2209 31,
266 2140 310 2200 82.
334 2137 446 2202 abesset
469 2140 601 2203 adamo.

146 2316 148 2321 y
206 2238 288 2317 Nou
304 2240 348 2308 ab
366 2265 405 2317 re
431 2242 490 2317 ubi
513 2242 675 2334 signifieat
689 2265 760 2315 non
778 2243 921 2311 alienum
944 2243 984 2317 ab
1000 2265 1055 2323 re,
1082 2255 1178 2314 vete..

37 2350 40 2359 “
124 2349 177 2400 rea
200 2328 266 2393 scri
290 2337 381 2402 torae
400 2350 472 2401 non
486 2338 624 2402 utuntur
641 2327 753 2394 forma
769 2352 803 2393 0.
847 2328 950 2409 Quod
964 2329 1119 2402 Erasmus
1143 2341 1179 2401 et

125 2410 181 2487 elii
202 2350 346 2487 ecrilere
370 2413 522 2488 solebant
543 2413 604 2491 000
619 2437 675 2498 re,
705 2413 863 2486 abhorret
878 2413 918 2485 ab
941 2412 1078 2501 antiqua‘
1089 2437 1178 2479 000-

124 2498 309 2571 suetudine·
329 2498 440 2572 Etiam
460 2500 496 2573 in
512 2501 652 2589 Apuleio
675 2499 715 2572 de
738 2499 846 2563 doctr.
868 2499 997 2569 Platon.
1018 2505 1050 2564 8.
1068 2522 1104 2589 Ρ.
1123 2506 1178 2579 31,

123 2589 177 2656 22.
200 2583 468 2657 Elmenhorstiue
489 2587 590 2659 edidit
612 2608 681 2650 nun
705 2583 749 2649 ab
767 2606 805 2652 re
823 2595 890 2659 eet,
910 2584 970 2648 ubi
986 2586 1177 2654 Wowerius

122 2666 224 2742 habet
240 2669 301 2740 aba
315 2693 364 2741 re.
382 2667 422 2734 ln
440 2670 540 2742 Gellii
554 2671 654 2742 Nact.
672 2679 730 2733 att.
746 2671 797 2749 18,
815 2669 866 2737 14.
885 2670 1178 2755 antiquaeeditio-

122 2776 181 2827 nes
198 2754 355 2823 exhibent
378 2753 422 2820 ab
439 2777 488 2819 re.
521 2755 598 2820 Vid.
614 2754 746 2826 Cellarii
764 2754 935 2825 Antibarb.
952 2758 985 2835 4,
1002 2759 1077 2820 208.
1107 2758 1178 2820 Cu-

124 2861 180 2905 rae
194 2850 285 2926 post.
305 2845 356 2905 10.
402 2885 412 2903 .
429 2841 503 2914 847.
525 2842 672 2912 Diseues.
687 2862 723 2926 p.
736 2843 808 2903 191.
826 2840 939 2904 Vorst.
956 2839 997 2906 de
1011 2841 1176 2914 Latmos,

125 2945 215 3018 susp.
237 2948 274 3012 p.
296 2929 350 2994 71.
374 2862 537 2998 gunther.
553 2927 625 2990 Lat.
640 2925 732 2990 lieet.
748 2923 791 2988 Τ.
813 2929 842 2993 1.
858 2949 893 3013 p.
901 2929 934 2996 8.

207 3043 293 3115 Ante
307 3043 457 3126 nomina,
482 3067 628 3130 quorum
643 3046 753 3132 prima
768 3043 878 3117 littera
893 3054 942 3109 est
966 3063 992 3120 Q
1016 3054 1049 3107 et
1062 3041 1177 3126 T,fcre

126 3147 258 3214 semper
275 3127 337 3196 ade
359 3129 460 3216 poni,
484 3131 519 3194 id
539 3131 746 3218 'grammatici
768 3129 919 3279 plerigue
935 3128 1067 3194 docent.
1099 3131 1175 3196 Vid.

124 3214 236 3278 Vorst.
263 3214 304 3278 de
329 3214 401 3284 Lut.
427 3237 511 3282 mer.
536 3238 627 3305 susp.
646 3220 678 3280 8.
717 3217 760 3279 At
783 3236 824 3279 00
874 3216 963 3287 icero
989 3236 1061 3278 non
1086 3237 1174 3294 raro,

124 3300 321 3383 praesertim
345 3299 381 3363 in
404 3300 570 3388 epistolis,
591 3300 723 3389 scripsit
742 3237 864 3381 01010,
884 3320 1050 3385 nusquam
1063 3309 1177 3364 tamen

124 3379 187 3448 000
209 3394 285 3446 tuo.-
315 3404 423 3469 neque
447 3385 482 3455 in
502 3386 572 3453 aliis
592 3386 785 3463 ,nominibus
801 3395 908 3451 exstat
922 3396 1049 3452 certum
1067 3385 1177 3453 docu-

124 3478 287 3534 mentum.
318 3467 448 3537 Tamen
472 3493 543 3537 000
568 3470 687 3539 desunt
704 3471 740 3539 in
757 3470 917 3535 Cicerone
931 3467 1081 3554 exempla
1097 3491 1176 3535 ver-

126 3553 247 3621 borum
273 3551 317 3621 ab
336 3565 387 3636 te,
416 3578 488 3619 non
509 3557 575 3626 uisi
594 3557 714 3620 criticis
733 3567 901 3642 suspecta:
925 3555 966 3618 (10
979 3553 1049 3625 Fin.
1072 3553 1104 3633 5,
1121 3557 1173 3631 25,

126 3641 179 3704 75.
202 3638 410 3724 discipulum
424 3642 526 3726 cupio
544 3639 588 3705 ab
604 3653 637 3710 te
653 3639 831 3705 abducere.
875 3640 996 3718 Quare,
1020 3640 1111 3724 quod
1128 3638 1173 3699 li-

126 3722 179 3786 bri
194 3723 353 3803 enhibent
367 3725 407 3791 de
417 3725 496 3813 Leg.
517 3731 549 3807 ,2,
568 3731 620 3807 10,
636 3733 689 3795 28.
704 3726 865 3795 coiectura
879 3722 1014 3811 quidem
1029 3736 1079 3788 est
1093 3734 1174 3808 apte

127 3819 202 3872 tam
232 3832 366 3896 magna
396 3809 449 3877 lex
478 3834 561 3881 sune
583 3835 686 3898 quum
712 3809 820 3887 brevi,
840 3809 1081 3881 restituendum
1106 3819 1175 3872 erat

127 3894 287 3962 00001000
304 3893 441 3981 quidem
459 3908 515 3964 eat,
526 3894 570 3963 ab
588 3909 632 3961 te.
675 3896 724 3960 Ita
740 3897 837 3963 etiam
854 3895 1024 3967 Sallustius
1039 3895 1109 3979 lug.
1120 3895 1172 3958 50.

128 3988 160 4039 et
175 3979 304 4058 Livius,
327 3979 388 4059 24,
408 3981 468 4061 47,
485 3986 516 4047 2.
543 3981 587 4045 00
604 3994 712 4068 tergo.
743 3980 782 4052 10
798 3999 823 4056 Q
841 3980 951 4049 littera
966 4002 1036 4044 non
1051 3979 1175 4063 ubique

129 4062 243 4135 eedem
273 4064 489 4137 cousuetudo.
535 4066 668 4142 Terent.
693 4065 832 4155 Adelph.
850 4072 889 4148 2,
907 4073 944 4148 3,
966 4072 994 4130 1.
1021 4062 1080 4128 abs
1097 4065 1174 4149 quii-
