2618 4770
446 306 449 315 ⁴
488 333 643 417 arou
969 328 976 339 ·
1027 339 1089 401 aa

76 532 79 537 -
111 492 151 546 ad
175 494 296 557 victum,
320 503 369 545 aut
394 493 420 545 ei
429 528 437 552 ,
463 494 510 562 qui
531 485 692 557 corporibus
718 487 902 542 animantium
927 492 1093 544 continetur.

110 580 201 650 Atqui
219 577 264 632 bic
280 587 375 630 noster
394 577 481 647 ignis,
510 594 590 648 quem
610 592 675 626 usus
697 576 774 626 vitae
791 569 921 642 requirit,
949 571 1094 645 consector

110 675 201 719 estet
223 672 403 730 consumptor
420 663 543 715 omniurn
561 668 729 712 -econtra
757 654 806 710 ille
831 674 979 727 corporeus
996 663 1095 715 vitulis
1119 666 1124 689 '

111 760 140 803 et
161 747 295 801 salutaris
313 738 407 800 omnia
429 755 582 801 conseruat.
616 747 659 798 Ita
683 745 751 797 bene
772 741 849 797 codd.
868 745 1026 798 auctoritate
1046 765 1094 801 re-

112 835 200 888 stituit
216 832 393 887 Heindorlius.

129 942 163 1001 2.
194 933 421 1023 Assumptioni
439 932 677 1019 propriumest
694 930 800 1017 etqui,
825 950 928 1018 quum
944 933 989 1013 id,
1004 937 1097 1023 quod

40 1023 189 1086 secundo
208 1023 282 1086 loco
299 1019 503 1087 conclusioni
527 1016 771 1101 interponitur,
798 1017 839 1082 ud
863 1018 1097 1087 demonstrau-

41 1105 126 1171 dum
154 1108 263 1173 valere
285 1106 437 1171 dicimus.
486 1102 573 1167 Cum
598 1098 819 1167 affirmatione
843 1105 932 1169 euim
954 1105 1096 1175 infertur

41 1191 186 1259 alterurn
203 1202 455 1278 argumentum,
478 1186 569 1274 quod
586 1187 621 1255 iu
639 1186 877 1272 epicheremate
901 1193 1000 1259 etiam
1022 1197 1096 1286 pri·

39 1299 140 1347 mum
156 1280 270 1346 locum
291 1278 439 1342 obtinere
457 1296 572 1364 posse,
595 1272 693 1358 logici
711 1272 902 1339 ostendunt.

148 1400 204 1453 Cic.
223 1420 249 1469 p.
267 1400 325 1452 Mil.
347 1397 396 1461 12,
416 1395 459 1450 32.
478 1397 548 1449 satis
568 1405 610 1449 est
630 1393 740 1464 quidem
754 1419 789 1433 -
808 1392 905 1448 docere
922 1416 1052 1470 magnam
1070 1403 1098 1457 οἱ

114 1505 259 1548 caussam,
283 1501 413 1554 magnam
433 1483 557 1551 spemin
577 1478 702 1535 Milonis
725 1488 813 1530 morte
832 1486 1021 1547 propositam,
1040 1505 1098 1539 ma·

114 1590 188 1641 gnus
214 1568 354 1622 utilitates
373 1562 478 1638 fuisse·
497 1591 529 1603 -
558 1564 646 1632 Atqui
668 1562 787 1617 Milone
812 1557 960 1634 interserto
985 1568 1100 1624 Clodius
1194 1636 1197 1643 Ι

114 1655 168 1708 boc
186 1653 401 1725 assequebatur,
427 1668 483 1704 non
501 1648 639 1703 modo'ut
657 1656 771 1718 praetor
795 1659 867 1700 esset
889 1661 939 1702 ete.
976 1655 1054 1705 Tusc.
1072 1654 1098 1723 5,

117 1739 167 1804 14,
185 1740 228 1792 40.
248 1742 294 1810 qui
314 1742 385 1792 enirn
403 1739 509 1813 poterit
529 1746 579 1789 aut
597 1736 723 1803 corporis
743 1732 883 1800 firmitate
900 1747 951 1787 aut
964 1734 1101 1806 fortunae

117 1823 275 1879 stabilitate
304 1823 467 1892 consedere?
489 1823 592 1893 Atqui,
617 1822 671 1873 nisi
696 1817 842 1872 stabiliet
858 1816 930 1889 fixo
948 1834 976 1877 et
993 1843 1101 1891 perura-

117 1908 301 1974 nentelrono,
320 1908 419 1964 beatus
439 1923 593 1965 essenemo
618 1914 724 1977 potest.
766 1904 843 1984 Quid
871 1900 1101 1979 ergo'eiusmodi

121 1998 239 2051 istorum
255 1995 321 2050 est?
1119 1982 1122 2000 Ι

906 2050 912 2075 l

151 2099 302 2150 Absolvitur
324 2096 459 2149 conclusio
476 2095 503 2146 in
520 2093 579 2146 his:
597 2093 675 2144 Tusc.
693 2091 728 2156 3,
746 2091 779 2157 7,
799 2090 841 2146 14.
869 2099 917 2165 qui
938 2092 1031 2167 fortis
1049 2109 1101 2166 est,

121 2181 194 2235 idem
212 2193 254 2235 est
266 2179 377 2251 fidens.
396 2207 431 2221 -
459 2179 516 2256 Qui
534 2189 626 2231 autem
649 2188 692 2230 est
708 2173 827 2246 fidens,
853 2183 878 2233 is
896 2177 1027 2251 profecto
1046 2202 1104 2237 non
1178 2206 1182 2213 ·

120 2272 287 2324 extimescit.
307 2291 345 2308 ··
369 2267 459 2338 Atqui
474 2269 503 2320 in
529 2283 609 2335 quem
631 2263 708 2317 cadit
733 2265 899 2334 aegritudo,
923 2267 952 2319 in
979 2269 1104 2324 eumdem

123 2357 215 2407 timor.
234 2381 267 2392 -·
298 2354 344 2407 lta
366 2347 431 2422 fit,
456 2348 492 2403 'ut
509 2345 681 2420 fortitudini
707 2351 855 2421 aegritudo
882 2366 1023 2425 repugnet.
1064 2358 1105 2409 De

120 2441 223 2490 Senect.
241 2437 290 2501 19,
311 2437 355 2490 66.
378 2437 469 2506 (more)
498 2446 550 2492 aut
570 2434 657 2507 plaste
675 2435 845 2508 negligenda
865 2448 926 2501 est,
944 2443 970 2493 si
989 2444 1104 2495 onsuino

120 2527 276 2596 exstinguit
299 2526 438 2586 aninuam,
451 2532 513 2582 ,aut
536 2525 621 2575 etiam
647 2522 793 2592 optanda,
820 2525 846 2575 si
868 2524 964 2595 aliquo
981 2546 1041 2579 eum
1060 2526 1106 2581 de·

55 2595 59 2600 .
121 2609 214 2672 ducit,
239 2606 288 2662 ubi
315 2611 352 2662 sit
372 2603 492 2677 futurus
515 2618 650 2660 aeternus.
688 2609 776 2677 Atqui
804 2609 915 2660 tertium
941 2622 1012 2663 certe
1035 2610 1108 2666 nibil

122 2695 241 2748 inveniri
261 2704 364 2765 potest.
400 2691 477 2767 Quid
494 2694 581 2764 igitur
602 2692 732 2754 timeam,
754 2694 779 2745 si
796 2703 847 2745 aut
868 2710 925 2744 non
942 2698 1023 2749 miser
1038 2708 1108 2769 post

123 2789 257 2842 mortem,
281 2776 447 2833 authentus
466 2774 786 2853 etiamfuturussum?
1133 2848 1137 2857 1
1162 2790 1189 2947 ζ
1292 2810 1295 2815 .

138 2881 355 2946 Grammatici
373 2886 569 2946 recentiores
593 2890 723 2944 tantum
746 2901 816 2943 nou
842 2902 958 2945 omnes
975 2882 1105 2959 docent,
1139 2906 1170 2979 ,ζ

40 2983 211 3115 Quart,
229 2969 366 3032 alteram
398 2968 495 3031 huius
520 2966 699 3055 particulae
727 2963 872 3031 formam
894 2969 980 3115 poni
1004 2969 1139 3032 solere*
1158 2982 1167 3027 t
1183 2870 1296 3151 lq&

55 3075 97 3115 an
143 3053 298 3118 ‘voculam
322 3054 471 3140 proximi
488 3054 597 3128 verbi,
620 3051 704 3115 nihil
725 3063 837 3116 tumen
859 3052 890 3116 di
919 3077 990 3119 erre
1005 3055 1109 3140 sigui-

54 3137 244 3202 ficationom
264 3149 294 3202 et
313 3159 420 3203 usum.
463 3140 589 3205 Eadem
605 3160 658 3202 res
683 3147 749 3213 est,
774 3137 815 3200 de
831 3160 894 3225 qua
912 3141 1055 3217 (linimus
1073 3140 1108 3203 iu

53 3242 232 3302 ALIOQVIN
263 3248 297 3316 p.
321 3228 395 3291 235.
440 3226 548 3315 Caper
573 3223 614 3288 de
639 3222 803 3306 Orthogr.
832 3246 867 3312 p.
890 3230 986 3290 2241.
1011 3225 1108 3311 estqui
1154 3232 1158 3238 '

56 3322 177 3374 cureat
207 3307 252 3374 N.
296 3309 359 3373 lllo
386 3312 487 3398 igitur
517 3322 669 3397 tempore
694 3309 760 3371 iam
787 3310 822 3373 iu
855 3332 951 3373 usum
978 3321 1110 3375 venerut

57 3396 338 3475 additamentum,
365 3399 456 3460 cuius
472 3398 636 3460 rationem
660 3415 729 3458 non
755 3394 791 3457 iu
813 3397 981 3482 explendo
1005 3395 1109 3472 hiatu,
1166 3424 1169 3431 ·

56 3481 164 3547 sedin
180 3482 369 3570 oppositivu
394 3483 425 3548 vi
448 3482 576 3546 litterae
596 3480 623 3544 N
651 3479 874 3566 quaerendam
897 3504 983 3558 esse,
1012 3504 1111 3570 supra

57 3569 283 3654 exposuimus.
315 3566 461 3632 Tantum
480 3590 557 3632 vero
582 3566 684 3645 abest,
702 3576 735 3630 ut
758 3586 832 3630 cum
850 3568 950 3631 Cour.
969 3566 1112 3632 Schnei-

57 3655 137 3739 dero
160 3655 343 3718 Grammat.
367 3678 403 3742 p.
428 3658 502 3718 497.
525 3652 600 3716 Vol.
623 3659 652 3716 1.
675 3653 773 3738 utqui
795 3673 836 3715 ex
858 3653 978 3749 atquin
1000 3664 1114 3719 ortum

58 3760 129 3803 esse
146 3750 313 3825 putemus,
324 3752 358 3802 ut
367 3740 504 3806 alteram
520 3737 606 3805 hauc
622 3737 770 3804 formam
787 3748 1006 3802 recentiorem
1023 3741 1114 3805 etad

59 3823 328 3910 distinguendam
350 3825 626 3912 significationem
651 3822 773 3888 luctam
799 3843 869 3885 esso
894 3823 1112 3889 arbitremur:

58 3933 167 3996 neque
187 3912 228 3977 'in
252 3912 369 3974 Plauto
395 3913 492 3998 plura
519 3910 689 3996 exempla,
714 3918 748 3970 ut
775 3906 831 3972 ille
854 3920 983 3984 narrat,
1011 3933 1115 3998 repe-

58 3997 211 4077 riuntur,
241 3994 426 4061 sedunum
450 3997 536 4062 Rud.
554 4002 592 4078 3,
617 4000 657 4075 4,
679 3995 732 4059 55.
755 3992 790 4056 in
815 4015 882 4081 quo
908 3997 1114 4062 Camerarius
1166 4008 1171 4019 “

59 4082 181 4166 aliique
203 4090 423 4146 correxerunt
445 4083 551 4170 atqui.
598 4083 639 4144 At
654 4078 867 4144 scribendum
884 4092 952 4153 erut
968 4094 1005 4146 ut
1022 4083 1125 4169 quin.-

60 4168 136 4234 vid.
162 4191 198 4257 p.
221 4168 298 4235 449.
350 4167 387 4234 Iu
410 4166 649 4235 recentioribus
673 4165 890 4252 scriptoribus
915 4188 967 4232 res
991 4180 1040 4233 cst
1059 4170 1113 4235 iu·
