2618 4770
350 270 614 449 tumuerit,
636 329 876 423 aurursus.
999 386 1001 396 .
1082 344 1144 410 ns
1218 293 1233 341 ²

97 554 100 559 Ι
138 475 1143 558 1ιιιιῖιιιιιὶιιιιιι,ιιιῐιιενιιιιιιάιιιιιιιιιιιιοιιιιιι,ιιιιιιίιιιι
1200 497 1204 500 ’

148 577 215 614 aus
241 564 353 619 iilum
372 563 507 637 facio:
523 570 677 624 interdum
695 581 788 624 autern
813 578 970 647 pronq‘scue
994 584 1143 648 accipitur.

109 708 113 713 ,
150 632 231 701 (loni.
253 652 353 720 Popma
381 653 401 705 l.
414 672 440 708 c.
466 644 529 708 vid.
552 656 625 706 cort.
652 654 688 707 ad
708 657 816 709 Sallust.
838 661 902 726 lug..
911 659 978 724 101,
1002 663 1028 717 8.
1055 668 1141 719 Nemo

153 735 320 805 frequentius
350 736 419 791 hanc
446 738 591 794 dictionem
609 748 718 810 usurpat
746 742 895 809 Frontino,
929 755 1142 817 strategematum

154 831 274 880 auctore·

161 939 259 1005 Tum
276 940 315 1005 de
332 925 539 1041 quacumque
553 962 592 1006 re
608 942 773 1008 contraria
798 953 832 1008 et
856 898 1068 1059 adversante,
1097 948 1139 1014 de'
1190 1002 1192 1006 ,
1229 998 1232 1005 ,

105 1044 150 1108 so,
171 1026 227 1116 qui
246 1027 460 1136 obloquitur,
483 1028 541 1118 qui
555 1028 719 1093 irascitur.

185 1154 242 1211 oio.
257 1132 335 1210 Verr.
351 1153 378 1221 3,
394 1153 438 1221 84,
458 1154 517 1209 195.
534 1167 625 1210 utrum
643 1154 694 1211 tibi
710 1159 847 1227 pecuniae
862 1158 1028 1215 conciliatae
1042 1161 1138 1218 urden-

156 1248 198 1293 tur
217 1239 366 1295 aduersum
390 1240 483 1313 leges,
527 1241 674 1297 adversum
697 1239 898 1310 rempublicam
930 1263 991 1297 cum
1013 1251 1138 1301 naarima

127 1341 291 1385 ,sociorum
317 1327 444 1381 iniuria?
486 1325 717 1381 Automiussic.
747 1325 899 1395 Epicteti
926 1330 1138 1396 Att.15,13.

154 1407 252 1489 quodsi
273 1408 412 1489 duriorem
434 1421 461 1464 te
482 1406 543 1467 eius
567 1414 683 1465 miserae
705 1421 733 1464 et
750 1404 882 1483 afflictae
887 1406 1037 1482 fortunae
1054 1435 1136 1486 prae-

153 1484 213 1556 bes.
244 1484 302 1547 non
327 1493 493 1547 contendam
520 1513 573 1566 ego
599 1494 734 1548 adversus
759 1506 795 1549 te
838 1495 920 1547 Plaut.
942 1499 1021 1550 Trnc.
1051 1496 1085 1565 4,
1107 1501 1135 1567 2,

117 1606 122 1615 ·
151 1574 191 1631 42.
208 1597 281 1651 quae
297 1578 443 1632 adversum
459 1578 505 1651 leg
489 1599 547 1633 em
564 1581 698 1650 accepisti
715 1578 879 1649 aplurimis
895 1585 1050 1651 pecuniam.
1074 1587 1131 1637 Ta-

150 1662 192 1714 cit.
207 1660 275 1716 Ana.
292 1663 324 1729 6,
344 1663 386 1716 16.
403 1666 460 1719 Liv.
475 1660 526 1729 40,
551 1663 602 1730 44,
629 1665 670 1716 11.
694 1663 841 1717 adversum
864 1664 895 1717 id
912 1668 1135 1721 senatusconsul-

150 1756 216 1803 tum.
233 1748 316 1801 Plaut.
335 1751 438 1817 Fragm.
457 1750 525 1819 apud
542 1753 647 1800 Festum
669 1768 689 1800 s.
705 1768 731 1800 v.
751 1749 957 1803 caritudinem:
974 1753 1077 1805 stultus
1093 1765 1136 1807 est

149 1832 281 1888 adversae
296 1844 416 1889 aetatem
433 1845 461 1888 et
476 1838 579 1905 capitis
596 1833 791 1886 caritudinem.
809 1836 916 1909 Terent.
929 1837 993 1890 Hec.
1005 1835 1031 1899 4,
1051 1839 1076 1903 1,
1093 1839 1135 1891 19.
1170 1904 1172 1906 ¹
1193 1854 1197 1860 ’
1215 1894 1218 1899 ,

148 1921 245 1988 potius
268 1936 352 1990 quam
373 1917 524 1971 advorsum
544 1922 631 1973 animi
656 1914 801 1971 libidinem
824 1929 896 1971 esset
921 1939 981 1972 cum
1005 1921 1059 1975 iilo
1085 1943 1135 1974 ιιιι·
1223 1954 1226 1965 ·

148 2004 222 2074 pta?
256 2006 364 2056 Sueten.
394 2006 459 2056 Ner.
483 2002 525 2057 17.
559 2003 711 2056 adversus·
708 2007 810 2073 patris
829 2003 1014 2058 uoluntatem.
1053 2008 1131 2060 Conf.

148 2090 281 2141 Drakeob.
304 2088 340 2140 aa
359 2088 416 2143 Liv.
442 2089 474 2154 1,
491 2085 543 2151 46,
560 2088 587 2144 2.
621 2091 704 2158 Saepe
725 2089 908 2140 Iurisconsulti
927 2089 1061 2143 adversus
1075 2091 1133 2144 edi·

142 2178 237 2240 ctum,
255 2174 390 2228 adversus
404 2175 571 2229 sententiam
583 2170 693 2251 arbitri.
710 2175 764 2228 vid.
771 2174 887 2227 Briseon.
904 2174 937 2227 de
945 2174 1027 2229 Verb
1041 2175 1131 2243 signif.

126 2276 175 2327 ·ι
187 2256 272 2313 41
297 2323 300 2328 .

189 2363 244 2414 tic.
262 2363 297 2414 ad
309 2365 365 2413 Ast.
382 2361 432 2426 12,
449 2359 475 2414 3.
501 2361 528 2416 si
541 2369 654 2431 uterque
670 2370 796 2413 nostrum
806 2372 849 2417 est
860 2361 1015 2434 aliquando
1031 2361 1130 2418 ariver-

149 2463 193 2500 sus
211 2446 342 2520 aliquem.
361 2450 468 2498 Sueton.
482 2445 542 2496 Tib.
555 2444 598 2496 29.
619 2446 644 2497 si
660 2446 727 2518 quid
741 2448 875 2500 adversus
896 2457 924 2501 te
941 2445 1056 2500 liberius
1080 2451 1131 2502 sic·

150 2540 179 2586 ut
198 2542 314 2585 sena-tor
330 2530 442 2596 ,dinem
485 2531 583 2582 lorium
607 2541 727 2582 auctores
748 2551 826 2601 saepe
851 2531 984 2584 adversus
1007 2531 1130 2605 aliquem

150 2634 326 2689 cognoscere,
345 2616 479 2686 experiri,
493 2633 662 2686 provocare,
691 2617 848 2688 appellare.
875 2617 917 2668 vd.
935 2617 1052 2668 Brisson.
1075 2619 1094 2669 1.
1110 2621 1129 2669 l.

146 2697 303 2771 formulam
318 2704 462 2772 concipere
472 2700 737 2773 adversus'aliqnem
758 2703 838 2753 Gaius
852 2705 915 2752 Inst.
930 2698 964 2766 4,
979 2700 1022 2772 46.
1046 2704 1128 2756 Plaut.
1258 2734 1261 2747 ·

150 2785 274 2849 sucus,
291 2787 324 2848 2,
346 2785 387 2836 11.
411 2786 562 2839 advorsum
579 2798 606 2840 te
614 2784 754 2857 fabulare
771 2787 845 2840 iliad
860 2785 980 2857 quidem.
998 2788 1017 2837 i.
1032 2808 1057 2840 o.
1077 2791 1128 2840 ud·
1195 2787 1198 2792 ’
1233 2788 1237 2792 ’
1264 2792 1266 2797 ’

146 2887 231 2923 tersus
247 2873 410 2923 commodum
422 2883 511 2923 tuum:
529 2891 618 2943 gagen
634 2862 732 2927 deinen
746 2870 881 2926 Vortheili
902 2872 989 2922 Tacit.
1005 2876 1072 2924 Ann.
1086 2874 1128 2938 12,

147 2954 170 3010 4.
189 2956 360 3027 accipiendis
373 2957 518 3011 adversam
536 2977 666 3028 generum
689 2955 894 3030 suspicionibus
913 2958 1029 3009 caritate
1040 2952 1127 3027 sslia'e

147 3040 310 3113 promptior.
338 3043 386 3109 14,
414 3043 438 3094 1.
456 3044 562 3107 timeri,
588 3063 622 3096 ne
648 3062 720 3095 uxor
745 3044 846 3097 saltem
866 3045 984 3096 iniurias
1003 3055 1125 3113 patrum,

147 3128 213 3180 iram
228 3127 333 3198 populi
347 3127 480 3180 adversus
490 3110 654 3198 superbiam
672 3131 876 3204 avaritiamque
893 3133 989 3182 reatris
1006 3134 1127 3198 aperiat.

145 3213 247 3264 Sueton.
274 3213 356 3278 Calig.
379 3209 421 3262 51.
452 3212 586 3264 aclversus
616 3212 750 3265 barbaros
779 3232 889 3286 quoque
914 3216 1125 3268 rainacissimus.
1177 3220 1180 3224 '

146 3296 242 3352 Minue.
255 3299 311 3348 Fel.
328 3300 418 3351 octav.
434 3295 487 3360 38,
505 3295 531 3346 7.
557 3295 791 3368 philosophorum
806 3297 957 3368 supercilia
974 3304 1124 3354 contemni.

145 3399 217 3445 mus,
244 3400 313 3455 quos
335 3380 509 3451 corruptores
535 3392 564 3434 et
580 3382 726 3436 adulteros
743 3388 870 3439 novimus
888 3394 917 3437 et
930 3395 1079 3458 vtyrannos
1095 3396 1125 3438 et

147 3482 249 3538 semper
266 3466 400 3522 adversas
419 3485 470 3518 sua
484 3468 558 3519 vitia
566 3462 725 3567 facundos.

156 3580 265 3733 Atque
277 3598 316 3654 ut
330 3585 450 3653 dicitur
465 3563 625 3662 invictae,
646 3583 776 3684 firmas
801 3599 922 3654 contro
939 3585 1071 3678 aliquid
1091 3578 1131 3651 et

97 3662 122 3729 in
136 3671 281 3766 aliquid,
296 3675 342 3742 ita
367 3672 467 3742 ctiam
492 3671 680 3740 adversae
670 3696 706 3740 ιιι
727 3672 788 3739 his
805 3672 943 3761 aliisque
965 3670 1122 3739 formulis

97 3756 222 3835 ponitur.

176 3895 279 3950 Sallust.
293 3896 351 3962 lag.
364 3890 408 3958 43,
425 3891 452 3946 6.
469 3891 545 3967 qaod
558 3893 710 3973 adeersum
725 3894 841 3949 divitias
849 3892 973 3946 animum
989 3875 1121 3944 invictum
1198 3942 1200 3949 ,
1276 3922 1280 3933 ·

144 3977 263 4050 gerebat.
281 3979 326 4029 ubi
349 3979 402 4030 vid.
417 3981 533 4032 Cottius.
555 3979 641 4031 Tacit.
662 3978 798 4057 Ann315,
813 3977 856 4029 21.
880 3979 999 4030 invictus
1023 3974 1122 4027 ariver-
1143 3996 1145 4001 ·
1189 4004 1195 4016 ·

146 4082 202 4117 sum
215 4068 340 4136 gratiam
354 4065 471 4119 animus.
498 4070 605 4118 Sueton.
619 4066 708 4117 Tiber.
717 4063 760 4116 28.
772 4061 906 4115 adversus
921 4062 1048 4114 convicia
1064 4075 1143 4113 nsaw

147 4146 376 4225 lesque'rumcree
400 4161 428 4206 et
439 4146 561 4224 famosa
582 4148 617 4208 de
639 4169 670 4207 se
689 4168 723 4206 ac
743 4150 802 4204 siais
820 4149 945 4203 carmina
963 4144 1064 4226 firmus
1086 4158 1122 4201 ac
