2618 4770
275 296 280 301 ’
363 284 367 295 ’
435 327 629 408 nrovn.
650 317 738 433 nc.
1055 336 1129 413 503¹

169 482 251 533 Plaut.
269 483 328 532 Aul.
345 479 378 548 4,
396 482 429 546 9,
449 480 490 534 17.
512 469 625 556 quinum
644 481 728 537 homo
752 482 797 538 hic
820 497 885 539 ante
909 453 987 540 aeriis
1004 452 1116 551 nostras
1197 530 1199 536 2

133 564 242 618 eiulans
261 569 437 639 conqueritur
463 568 609 620 moerens?
634 569 727 642 Atque
748 567 791 622 irio
809 570 921 645 quidem
942 560 1045 627 Euclio
1065 585 1114 644 est.

133 651 151 700 i.
172 669 194 702 e.
214 650 271 703 und
291 650 343 703 das
359 653 397 703 isc
415 654 501 706 sicher
521 652 634 707 Euclio.
733 697 734 700 ¹
792 704 797 721 ,
1163 653 1164 656 “

148 754 252 840 Saepe
281 755 426 818 occurrit
448 743 595 820 formula
623 756 773 833 aemilii
806 755 941 842 quidem
969 758 1114 826 ridetur.

63 837 267 924 Opinionem
302 863 377 902 cnm
412 842 554 926 quadam
584 841 797 906 conclusione
826 841 973 929 adiungit
1003 840 1113 912 conli-

60 934 181 1014 nuotee
195 926 244 989 rei
262 925 475 1013 expositioni.
867 969 870 975 ·

166 1046 219 1098 Cic.
237 1064 263 1114 p.
282 1047 372 1097 Balbo.
392 1045 425 1109 2,
445 1043 471 1096 5.
489 1065 523 1098 aa
538 1043 608 1099 mihi
625 1043 736 1117 quidem
762 1043 814 1097 hoc
838 1043 955 1117 dignum
976 1051 1017 1103 rei
1036 1049 1113 1105 vido·

131 1140 184 1182 tur.
216 1130 248 1181 de
268 1134 341 1180 Orat.
360 1129 393 1192 1,
410 1129 443 1194 2,
466 1129 492 1181 6.
517 1127 550 1194 3,
567 1127 599 1194 6,
616 1129 661 1183 20.
687 1130 715 1180 in
738 1131 814 1183 catil.
832 1130 866 1197 3,
884 1131 916 1198 5,
937 1132 979 1185 18.
1006 1135 1111 1187 Sallust.

131 1216 187 1266 Cet.
204 1213 237 1278 3,
258 1215 283 1266 2.
306 1214 451 1267 Pulchrum
470 1224 512 1268 est
531 1212 599 1267 bene
612 1209 713 1283 facere
730 1213 920 1285 reipublicae.-
938 1221 1023 1272 etiam
1043 1215 1112 1272 irone

130 1300 220 1353 dicere
238 1297 314 1352 haud
331 1299 482 1352 absurdum
500 1310 562 1351 est.-
585 1298 632 1352 uel
658 1317 729 1371 paee
747 1298 799 1352 uel·
819 1298 894 1353 bello
922 1301 1027 1355 ciarum
1045 1301 1112 1371 ficri
1170 1328 1172 1335 ¹

103 1394 106 1400 '
131 1385 215 1440 iicet.-
233 1396 262 1437 et
280 1388 326 1454 qui
340 1374 438 1453 Jecerc
454 1393 483 1436 et
501 1386 548 1453 qui
560 1379 649 1452 facta
666 1382 786 1438 aliorum
803 1388 935 1455 scripsere
950 1386 1034 1440 multi
1052 1386 1111 1440 lari-

129 1470 240 1523 dantur.
276 1469 319 1523 Ac
346 1468 414 1523 mihi
439 1468 566 1540 quidem,
605 1471 716 1523 tametsi
736 1467 951 1541 haudquaquam
973 1490 1027 1541 par
1048 1471 1111 1542 glo.
1143 1532 1145 1536 Α
1230 1531 1232 1536 ,

129 1560 172 1610 rin
190 1567 321 1626 sequatur
343 1556 507 1624 scriptorem
524 1564 552 1608 et
568 1563 710 1608 auctorem
728 1572 835 1621 rerum,
856 1563 949 1609 tauron
966 1557 995 1610 in
1012 1559 1110 1626 primis

65 1640 67 1643 ’
129 1641 249 1695 arduum
266 1638 378 1693 uidetur
393 1657 436 1691 res
452 1647 547 1709 gestas
566 1637 691 1694 scribere.

144 1746 194 1808 De
227 1764 290 1808 usu
321 1741 502 1807 verborum
531 1760 576 1808 Ac
598 1760 645 1808 Nu
668 1779 711 1794 -
735 1760 875 1820 QVIDEM
895 1740 971 1825 vide
999 1741 1037 1806 in¹
1063 1756 1113 1826 ΝΕ,

58 1834 226 1910 QVIDEM)

147 1955 195 2014 11.
224 1949 349 2025 ATQVF.
366 1965 462 2013 nono
478 1946 523 2011 ita
540 1947 773 2035 componitur,
801 1957 839 2010 ut
861 1949 1034 2035 utriusque
1049 1967 1110 2013 vo·
1129 1952 1130 1956 ’

60 2034 167 2098 cabuli
183 2041 331 2122 potestus
348 2043 476 2097 constet
494 2034 632 2120 integro.
676 2034 866 2120 Usurpntur
884 2035 973 2098 enim
998 2045 1031 2097 et
1051 2031 1110 2096 ubi

57 2144 124 2184 una
141 2121 248 2207 aliqua
265 2120 357 2183 notio
377 2118 578 2182 intendenda
593 2119 645 2184 vel
662 2118 850 2191 atlollenda,
861 2117 928 2204 est',
948 2129 979 2183 et
996 2120 1032 2183 in
1048 2115 1109 2180 ad·

57 2205 205 2271 iioiendis
220 2204 388 2276 sententiis
404 2204 618 2290 gravioribus.
643 2204 729 2268 Nom
752 2204 852 2267 dictio
874 2203 972 2284 haec,
998 2201 1112 2267 omni-

55 2293 123 2356 bus·
137 2291 344 2376 temporibus
365 2289 563 2369 communis,
579 2312 653 2354 rom
670 2311 711 2353 ex
728 2311 833 2375 nequo
855 2292 1002 2377 opponit,
1026 2309 1109 2374 quae
1221 2339 1224 2345 .
1258 2362 1260 2366 ¹

56 2378 167 2442 maior
183 2376 233 2440 vel
248 2378 380 2460 gravior
396 2375 446 2457 vel
463 2374 656 2461 potior'est.
698 2375 769 2439 Nos
793 2375 933 2459 dicimus
956 2374 1109 2438 und-so·
1185 2412 1188 2417 -
1270 2450 1275 2472 ι

55 2467 146 2551 geu,
169 2461 227 2525 sed
251 2484 348 2549 saepe
373 2461 489 2525 eodem
514 2480 610 2523 sensu
634 2461 732 2524 etiam
757 2460 842 2525 oder
864 2483 983 2547 sogor.
1029 2457 1126 2539 Quo·

58 2549 188 2627 differat
204 2557 304 2633 atque
329 2545 416 2612 odeo
440 2545 480 2609 ab
498 2556 532 2610 et
553 2543 659 2622 odeo,
684 2568 756 2610 non
783 2557 850 2629 cst,
872 2546 963 2633 quod
985 2545 1108 2611 iterum

58 2640 236 2722 exponam.
277 2658 282 2666 ·

161 2755 214 2805 Cic.
232 2753 261 2804 in
278 2711 454 2804 Caecil.Div.
471 2749 524 2816 21,
541 2750 584 2802 68.
604 2747 657 2802 hoc
679 2751 778 2805 timent
797 2749 943 2804 homiues.-
959 2747 1012 2802 hoc
1029 2745 1107 2802 labo·
1147 2791 1153 2798 .

125 2850 210 2893 rant.-
230 2836 282 2890 iioc
303 2839 515 2909 instituiturque
534 2833 607 2888 adeo
633 2837 791 2912 instiruturu
808 2831 909 2905 referri
928 2855 962 2888 ac
978 2837 1108 2893 renouari
1135 2832 1162 2869 '³
1186 2842 1194 2869 r

128 2923 245 2977 moleste
270 2917 382 2992 serunt.
423 2922 614 2979 Pleut.,Trnc.·
636 2921 671 2987 2,
693 2921 727 2987 4,
755 2920 780 2972 6.
808 2921 913 2990 vapulo
939 2919 1030 2974 hercle
1054 2937 1105 2989 ego

125 3029 215 3074 nuuc,
243 3020 328 3081 atque
356 3007 426 3065 odeo
455 3006 537 3060 orale.
572 3005 648 3056 Gurc.
669 3007 704 3069 2,
721 3005 753 3074 8,
774 3002 816 3056 54.
835 3025 861 3076 p.
880 3006 970 3059 Plano.
994 3005 1043 3072 19,
1062 3002 1107 3054 48.

128 3093 264 3158 insector,
290 3111 377 3162 posco
406 3105 489 3166 atque
513 3090 585 3144 adeo
606 3087 714 3162 flagito
736 3095 844 3145 crimen.
876 3109 926 3161 pro
943 3090 1045 3142 cluent.
1062 3086 1105 3152 29,
1172 3131 1182 3141 ..

126 3177 170 3230 79.
187 3179 221 3229 ed
239 3181 311 3230 Fam.
327 3177 361 3253 4,
379 3178 405 3231 3.
423 3180 452 3230 in
468 3178 555 3230 Pison.
572 3176 623 3241 18,
642 3176 685 3227 41.
705 3176 734 3228 in
753 3178 830 3228 catil.
852 3177 877 3241 1,
897 3173 923 3240 2,
944 3172 970 3224 6.
987 3174 1012 3233 1,
1033 3167 1060 3236 4,
1080 3170 1106 3221 9.
1177 3167 1179 3171 ’
1238 3256 1249 3263 ‚

125 3263 252 3332 Exempla
279 3262 388 3331 collegit
416 3263 566 3315 Hadrianus
591 3261 738 3312 Cardinalis
758 3262 791 3314 de
816 3260 903 3315 Modis
920 3260 968 3314 let.
985 3258 1040 3327 loq.
1059 3255 1105 3307 sub

124 3347 152 3399 h.
169 3365 193 3398 v.
217 3347 358 3399 ‘Drakenb.
377 3348 411 3398 ad
428 3349 486 3401 Liv.
506 3347 555 3408 10,
578 3341 671 3408 5,14.
1029 3362 1032 3367 ·

158 3452 242 3519 Saepe
260 3449 357 3502 dicitnr
375 3449 404 3500 in
425 3448 583 3501 carminibus
603 3447 635 3498 ab
653 3447 732 3500 initio
750 3468 848 3502 versus.
868 3435 955 3504 valer.
970 3450 1058 3502 Flucc.
1078 3446 1111 3514 2,
1152 3481 1155 3489 .

125 3533 168 3587 61.
186 3534 263 3586 sans
283 3535 348 3588 sn..
367 3533 401 3606 ⁵1,
420 3530 453 3599 4,
472 3532 515 3584 67.
540 3532 585 3606 un
608 3542 665 3585 not.
689 3511 781 3586 rho!
791 3535 823 3600 1³,
845 3533 886 3590 15.
904 3533 937 3598 5,
957 3535 1016 3586 100.
1042 3535 1104 3589 vio.

124 3621 249 3671 Heinsius
273 3620 308 3671 ed
336 3617 470 3670 claudian.
498 3619 577 3687 Rupt.
604 3619 684 3676 Pros.
699 3617 733 3683 3,
753 3619 796 3670 48.
823 3619 1017 3673 Burmannud
1033 3621 1105 3673 Pro-'-
1199 3626 1204 3657 ³

120 3715 191 3774 pert.
212 3703 311 3771 1,13,
329 3701 372 3756 25.
772 3722 774 3726 ·

46 3839 50 3845 .
139 3802 243 3885 Quod
259 3806 295 3868 in
309 3803 360 3867 his
378 3784 418 3870 ad
435 3827 485 3869 res
502 3802 669 3884 refertur,
693 3775 789 3891 snepe
806 3803 845 3867 ad
859 3825 954 3885 oum,
980 3805 1036 3892 qui
1052 3803 1105 3868 lo-

15 3889 17 3894 ’
56 3890 189 3976 quitur,
208 3889 363 3977 pertinet.
405 3890 455 3955 Ita
475 3891 593 3954 dicitur
612 3890 699 3954 adeo
715 3891 754 3953 ab
772 3911 831 3970 eo,
848 3892 905 3976 qui
919 3891 981 3956 sibi
998 3889 1105 3957 verbis

53 3976 121 4073 iarn
137 3974 321 4063 propositis
342 3997 412 4040 non
437 3976 513 4040 salis
528 3973 626 4053 fecit,
652 3975 709 4038 sed
736 3997 770 4038 se
795 3976 931 4062 corrigit
955 3986 987 4041 et
1014 3976 1105 4040 addit

53 4081 161 4125 marus
193 4061 372 4148 graviusve.
400 4061 530 4148 ‚Atque
554 4061 675 4125 indicat
701 4059 808 4141 aliud,
839 4059 930 4147 quod
963 4061 1103 4143 additur,
1211 4142 1214 4146 Δ

55 4167 160 4234 acque
184 4146 303 4214 valere.
346 4147 414 4212 Cic.
436 4169 471 4234 p.
496 4146 596 4212 Roso.
620 4148 694 4210 Am.
719 4152 776 4228 10,
799 4150 852 4213 29.
873 4146 936 4213 hoc
959 4147 1103 4214 consilio
