2618 4770
54 295 57 307 2
127 280 146 340 a
374 257 376 261 ’
499 271 545 355 Α,
589 275 797 355 maras,

122 476 131 505 ,
189 429 417 518 l-Praepositio
449 449 722 521 taquamquam
752 444 849 495 usum
872 427 971 495 habet
994 429 1173 497 admodum
1212 434 1217 443 “

128 513 368 601 multiplicem,
400 523 438 578 ut
458 516 665 603 grammatici
680 516 715 585 in
731 514 961 582 constituenda
979 515 1175 600 explicatio-

125 602 181 667 -nis
207 600 336 665 ratione
356 610 389 667 et
405 600 440 663 in
456 600 647 665 ordinandis
664 599 824 686 exemplis
840 598 1052 671 vehementur
1068 601 1175 671 haesi·
1212 588 1218 657 l

91 759 96 768 ,
130 686 288 768 laverint,
317 696 581 764 tamenomnes‚
614 707 697 771 quae
711 694 902 770 ponuntur,
924 685 1175 770 significationes
1213 660 1218 765 l

132 793 175 836 cx
191 792 257 833 una
282 771 436 839 oriuntin·
458 771 598 835 notione
612 770 771 857 primaria
786 769 853 832 loci
867 792 904 832 ac
920 770 987 850 rei,
1012 772 1101 835 unde
1118 773 1176 840 ali-

132 855 211 1019 31111
237 866 427 936 moveatur,
467 867 580 936 exeat,
613 865 669 919 aut
688 854 798 939 aliquo
815 855 920 918 modo
936 854 1175 940 proficiscatur.

167 961 245 1007 uare
264 940 387 1038 duplex
397 950 447 1011 ,cst
459 953 627 1028 respectus
644 950 676 1002 et
694 940 738 1003 ad
754 963 827 1014 eam
844 963 928 1019 rem,
945 962 1028 1024 quae
1045 964 1107 1005 suo
1125 943 1176 1006 lo-

130 1027 301 1096 co.·1nanet
312 1037 469 1109 immota,
486 1037 518 1097 ct
535 1027 575 1096 od
594 1047 676 1103 eam,
695 1047 778 1109 quac
793 1036 958 1106 movetur,
977 1037 1035 1088 aut
1049 1038 1177 1091 remota

128 1109 240 1178 distat.
282 1109 364 1181 lnde
379 1133 457 1181 vero
475 1110 603 1178 exsistit
618 1109 741 1198 triplex
756 1110 837 1176 haec
854 1111 962 1192 ratio,
983 1133 1048 1197 qua
1069 1115 1175 1178 omnis

130 1194 282 1267 vocabuli
298 1218 377 1266 usus
395 1196 530 1289 regitur,
666 1200 669 1204 ’
1118 1196 1135 1239 ’·

128 1330 131 1335 ·
173 1313 342 1387 Iudicatur
359 1317 446 1385 enim
466 1316 792 1411 praepositionem

156 1464 169 1505 χ
215 1424 242 1494 Ι,
266 1427 373 1496 motio
391 1448 433 1495 ex
449 1426 560 1515 aliquo
575 1427 672 1514 loco,
706 1447 788 1512 quac
809 1426 954 1490 cernitur

157 1530 187 1590 1.
213 1527 249 1595 in
273 1548 473 1624 quincunque
496 1529 640 1597 discessu
661 1538 694 1599 et
715 1527 751 1590 in
780 1546 910 1610 quacun
935 1522 1175 1609 licentissione,

177 1611 384 1693 deductione,
394 1611 585 1695 directione,
604 1613 687 1676 etin
703 1610 842 1681 exordio
853 1610 893 1674 ab
903 1548 1057 1698 aiiquare
1068 1613 1174 1679 ducto.

153 1701 186 1767 2.
213 1697 314 1777 Quod
336 1696 481 1763 refertur
506 1699 547 1768 ad
566 1709 718 1785 tempus,
742 1697 777 1759 in
800 1694 895 1763 initio
913 1707 946 1760 et
961 1699 1178 1786 perpetuitate

127 1856 130 1861 ⁵
175 1781 336 1868 temporis
351 1783 576 1871 significanda.
1101 1806 1130 1827 ²

152 1871 185 1934 3.
211 1866 339 1949 Quibus
357 1870 533 1954 proximae
558 1879 635 1931 sunt
658 1868 814 1933 notiones
831 1867 1028 1952 primordii,
1050 1865 1180 1957 princi-

171 1951 229 2038 pii,
240 1951 395 2038 originis,
412 1976 488 2017 eum
503 1948 600 2017 motu
616 1951 757 2025 etexitu
772 1951 1025 2038 comparandae,
1045 1964 1087 2031 et,

151 2037 195 2132 4,
209 2057 297 2127 quaa
317 2059 401 2108 cum-
420 2038 475 2103 his
494 2039 682 2121 cohaerent,
707 2038 899 2106 efficientiae
922 2047 954 2105 st
968 2059 1098 2103 caussae
1114 2062 1183 2104 no-

171 2132 290 2186 tiones.
322 2178 324 2183 .
725 2175 727 2179 s
768 2141 770 2152 ·
1038 2174 1040 2178 ,

127 2268 130 2275 ,
153 2207 184 2274 5.
208 2205 251 2269 Et
267 2229 372 2292 quum
387 2231 464 2296 pars
480 2207 615 2279 alicuius
630 2209 678 2271 rei
694 2208 871 2292 ¹desumpta
882 2204 1182 2275 videatur-univer-

174 2313 229 2357 sae
252 2293 319 2374 rei,
350 2293 416 2358 hoc
438 2294 544 2358 modo
572 2295 670 2363 ctiam
693 2294 726 2361 id
750 2303 896 2373 notatur,
913 2293 1001 2377 quod
1017 2292 1114 2359 alicui
1131 2296 1181 2356 rci

175 2368 358 2461 adhaeicat,
384 2380 436 2446 vel
455 2402 497 2444 ex
513 2403 549 2443 ea
563 2379 714 2466 pendeat,
726 2377 777 2445 val
794 2400 860 2463 quo
878 2379 1003 2465 aliquid
1018 2381 1157 2467 constet.

207 2493 262 2564 ·11..·
301 2495 471 2566 Iudicatur
484 2499 640 2578 remotio,
663 2497 697 2559 in
717 2518 781 2581 qua
798 2506 829 2559 et
842 2496 942 2563 altera
956 2521 1007 2562 res
1022 2508 1181 2570 remanet,

131 2587 166 2642 et
187 2579 396 2650 interiectum
425 2583 596 2651 distantiae
627 2582 771 2669 spatium
804 2594 950 2668 apparet.
994 2583 1079 2646 Hinc
1103 2604 1180 2645 usus

130 2666 388 2751 piaepositionis
504 2740 505 2743 Ἴ
981 2746 990 2763 l

156 2771 185 2827 1.
209 2767 250 2828 de
273 2787 469 2853 quacunque
491 2769 697 2847 remotione,
729 2768 796 2830 sive
814 2788 850 2829 ea
871 2766 929 2831 fiat
942 2789 1093 2847 recessu,
1116 2769 1183 2831 sive
1213 2764 1216 2768 ’

174 2850 369 2916 liberatione
393 2862 425 2915 et
440 2852 610 2931 vacuitate,

155 2941 188 2998 2.
213 2938 301 3001 etde
320 2937 472 3003 distantia
486 2959 597 3002 rerum
615 2960 651 3000 ac
667 2937 867 2999 discrimine.
926 2988 928 2991 ,

128 3068 131 3075 -
153 3025 185 3084 3.
211 3024 323 3099 Quare
345 3022 520 3087 adhibetur
540 3022 628 3085 idem
652 3021 850 3089 vocabulum
878 3022 913 3085 in
935 3020 1052 3084 ordine
1068 3044 1183 3086 rerum

177 3107 413 3174 constituendo
431 3117 463 3170 et
481 3107 516 3171 in
535 3108 774 3185 numeratione,
1065 3178 1070 3183 ,
1097 3166 1100 3172 .

157 3192 189 3270 4.
212 3202 244 3253 et
258 3191 395 3259 inservit
410 3192 650 3277 comparationi
665 3211 779 3253 rerum
794 3188 1007 3255 diversarum.
1151 3205 1159 3243 'a

129 3338 132 3342 ,
157 3276 189 3339 5.
210 3275 270 3343 llla
296 3297 372 3339 vero
397 3296 511 3344 rerum
533 3277 706 3364 dispositio
736 3286 768 3338 ct
797 3277 983 3343 numeratio
1015 3278 1114 3342 etiam
1143 3279 1182 3342 ad

127 3414 131 3425 ,
158 3371 306 3447 Ιῐθηῳιιε
321 3358 464 3429 refertur
481 3362 614 3448 eiusque
632 3360 940 3446 consequutiouem.

215 3477 275 3541 ΙΙΙ.
308 3470 357 3544 Ut
371 3479 472 3542 situm
489 3491 521 3547 et
541 3470 713 3565 regionem
730 3480 864 3543 alicuius
884 3481 932 3543 rei
947 3478 1183 3559 deacribamus,

135 3564 342 3631 considerare
365 3565 511 3629 solemus
535 3566 649 3628 locum
676 3575 709 3626 et
732 3567 886 3651 spatium,
915 3587 981 3650 quo
1008 3564 1116 3647 aliqua
1125 3588 1182 3627 res

136 3647 175 3711 ab
205 3650 265 3713 alia
298 3650 396 3715 distet
420 3661 476 3714 aut
508 3660 636 3714 remota
663 3649 721 3711 sit:
756 3651 975 3735 quamobrem
1005 3650 1181 3735 praeposi-

134 3734 182 3795 tio
215 3753 260 3799 ΑΒ

161 3824 190 3879 1.
213 3830 390 3904 usurpatur
420 3822 456 3884 in
480 3821 616 3906 regione
642 3829 674 3882 et
700 3818 779 3885 loco
804 3822 843 3884 ab
869 3819 976 3904 aliqua
1001 3829 1095 3906 parte
1119 3816 1184 3881 tlcm

124 3926 128 3931 ’
177 3903 354 3987 signand03
685 3966 687 3970 Α

80 3994 82 3999 ’
124 4013 129 4020 ’
161 3986 192 4049 2.
214 3991 303 4072 quod
318 3990 460 4072 denique
473 3989 513 4050 ad
530 3992 577 4051 rei
594 3991 892 4054 considerationem
910 4011 951 4050 cx
968 3988 1075 4077 aliqua
1087 3999 1182 4073 parte

178 4073 413 4137 instituendam
437 4072 643 4137 transfertur.
