2618 4770
229 310 292 374 sn
671 288 823 384 sTQtr.

228 446 322 531 Duae
358 460 457 549 igitur
483 469 561 523 sunt
597 457 747 523 vocabuli
782 468 910 544 partes,
949 458 1051 525 altera
1083 458 1286 550 oppositiva'

231 550 334 615 altera
358 544 595 611 confirmativa.
639 542 681 607 Et
704 543 838 609 inservit
859 545 970 632 ipsum
993 550 1181 613 sententiae
1206 572 1274 614 con·

229 635 350 701 traciae
366 633 409 696 ita
426 629 662 719 opponendae,
685 638 722 692 ut
738 629 805 693 cius
822 630 868 693 vis
886 653 944 718 per
958 635 1236 698 asseverationem
1252 646 1274 700 ct

229 743 292 812 per
307 719 449 784 veritatis
467 714 776 797 confirmationem,
800 714 882 780 dum
905 717 1044 782 dicimus
1065 738 1143 783 rem
1171 732 1274 808 suaptc

196 814 393 897 ¹potestate
419 803 540 879 valere,
575 801 679 887 magis
706 801 842 866 eluceat.
898 805 1006 890 Atque
1030 804 1273 893 quadruplicem

231 897 444 956 observamus
461 909 556 951 usum
575 885 673 951 huius
696 885 893 974 particulae,
919 890 953 952 in
980 891 1210 976 oppositionis
1231 917 1272 957 as·

230 976 452 1046 severatione,
473 975 506 1037 iu
529 972 706 1052 sententia,
731 994 814 1058 quae
838 974 908 1038 aliis
933 975 1100 1040 concessis
1126 987 1183 1040 aut
1207 981 1272 1042 mis·

230 1067 293 1144 sis,
313 1082 405 1125 suam
424 1059 549 1124 obvim
565 1080 667 1145 aeque
685 1059 833 1146 adeoque
846 1061 949 1148 tnagis
970 1063 1215 1136 consideranda
1230 1067 1270 1145 sit,

229 1151 265 1217 in
283 1147 576 1232 anteoccupatione
599 1154 631 1209 et
653 1144 688 1207 in
715 1145 958 1233 assumptione,
989 1169 1071 1232 quae
1099 1171 1178 1212 cum
1201 1173 1269 1214 con-

228 1235 375 1309 clusione
392 1232 533 1319 quadam
554 1231 729 1295 coniuncta
745 1237 803 1295 est.
849 1233 980 1295 Veteres
1001 1234 1188 1320 scriptores
1213 1259 1266 1300 non

229 1313 345 1386 omnes
359 1318 570 1382 consentiunt
585 1317 617 1379 in
640 1315 738 1379 huius
754 1312 904 1380 vocabuli
920 1339 998 1395 usu,
1026 1321 1154 1406 quippe
1170 1318 1223 1408 qui
1237 1324 1266 1386 ad

227 1424 377 1494 graecam
397 1403 576 1467 dictionem
596 1401 823 1483 conformatus
841 1424 909 1466 esse
929 1403 1087 1469 videatur.
1112 1407 1175 1470 Alii
1193 1409 1265 1472 enin

129 1561 131 1567 ,
226 1516 265 1559 eo
292 1490 431 1555 omuino
454 1511 521 1553 non
547 1497 700 1564 utuntur,
729 1509 912 1575 numquam
934 1492 1062 1569 Varro,
1094 1515 1265 1580 numquam

227 1579 323 1644 etiam
341 1575 472 1641 Celsus:
498 1572 550 1638 alii
567 1575 634 1637 eius
650 1581 866 1661 potestatem,
887 1574 943 1638 ubi
958 1573 1029 1640 fieri
1047 1589 1197 1663 poterat,
1218 1603 1264 1642 vo·

226 1654 341 1728 cabulo
360 1673 460 1748 utqae
484 1658 823 1745 comprehendebant.
868 1661 979 1743 Quare
998 1664 1112 1726 multis
1134 1666 1168 1727 in
1184 1666 1263 1746 lacis,

222 1747 416 1840 pracsertim
433 1747 467 1809 in
490 1746 716 1831 assumptione
744 1756 776 1808 et
799 1746 833 1809 in
860 1748 1086 1834 occupationis
1113 1749 1262 1828 formulis,

223 1835 251 1900 si
272 1833 346 1898 libri
371 1832 484 1917 scripti
509 1832 651 1906 variant,
677 1831 757 1916 quid
787 1830 827 1894 ab
853 1843 984 1896 auctore
1008 1830 1199 1919 profectum
1220 1839 1261 1908 sit.

223 1921 377 1985 constitui
401 1939 477 1988 nort.
492 1927 612 2004 potest.
667 1917 776 1997 Quid,
809 1917 897 2001 quod
920 1920 1098 1982 recentiori
1123 1931 1262 2009 tompore

222 2006 402 2091 scriptores
428 2003 581 2066 nonnulli
611 2002 650 2065 ad
675 2003 854 2067 discrimen
884 2003 1003 2067 harum
1031 2008 1261 2092 particularum

222 2093 284 2181 ipsi
304 2112 371 2153 non
391 2089 564 2175 diligenter
578 2087 796 2152 attenderunt.

305 2173 332 2240 Ι.
369 2181 397 2239 1.
425 2175 596 2253 Obiectio,
623 2196 704 2258 quae
722 2174 915 2260 simpliciter
936 2174 1059 2240 refutat
1079 2177 1178 2241 aliam
1194 2202 1260 2243 sen·

220 2263 357 2326 tentiam
375 2260 590 2340 contrariam,
616 2269 671 2322 aut
688 2261 890 2338 contrarium
913 2262 990 2346 qaid
1013 2266 1182 2349 opponit,
1208 2288 1259 2329 ex-

219 2349 377 2437 primitur
392 2366 454 2431 per
469 2356 525 2423 at,
549 2366 615 2407 non
634 2366 693 2431 per
707 2344 821 2433 utqui,
845 2369 951 2432 neque
970 2348 1034 2435 bac
1051 2373 1116 2436 pro
1134 2351 1191 2414 illo
1206 2374 1258 2438 po-

217 2436 316 2496 situm
336 2452 493 2516 usquam,
520 2431 582 2494 nisi
599 2433 686 2516 apud
704 2435 903 2497 recentiores
919 2435 1101 2519 scriptores
1123 2447 1156 2500 et.
1171 2437 1257 2499 iuris·

146 2537 148 2556 ¹
220 2517 407 2590 consultos,
425 2517 600 2602 reperitur.
622 2517 708 2581 Nam
732 2519 805 2605 qui,
826 2518 914 2605 quod
941 2520 1117 2598 adhaeret,
1141 2544 1256 2609 expen-

218 2604 264 2668 dit
286 2601 535 2690 quodammodo
561 2603 628 2666 vim
653 2604 847 2685 sententiae,
877 2604 1032 2693 additque
1057 2620 1256 2672 momentum

216 2689 350 2777 aliquod
366 2687 607 2752 affirmationis.

328 2807 432 2876 leian.
451 2807 480 2859 in
498 2809 597 2876 Digest.
615 2807 648 2872 8,
666 2806 700 2872 5,
720 2809 745 2864 1.
763 2808 910 2882 sepulchra
927 2821 1021 2865 autem
1038 2817 1130 2867 nostri
1147 2812 1256 2868 dominii

282 2909 339 2944 aon
357 2904 439 2946 sunta
464 2898 545 2966 atqui
571 2897 648 2946 ariam
673 2893 712 2946 ad
735 2897 912 2967 sepulchrum
939 2915 1087 2967 possumus
1112 2899 1255 2953 vindicare·

280 2975 298 3026 i.
317 2995 339 3026 c.
358 2988 398 3029 at.
434 2979 515 3029 Plaut.
538 2980 602 3031 Rud.
623 2978 656 3040 3,
676 2978 767 3043 4,14.
788 2985 833 3033 Ln.
853 2995 940 3037 tecum
959 3001 1023 3054 apso.
1044 2985 1091 3034 Tu.
1112 2989 1194 3058 atqui
1209 3005 1254 3038 me·

281 3081 341 3136 cum
359 3063 496 3134 agendum
516 3076 566 3117 est.
586 3065 654 3132 quod
673 3066 757 3134 accipi
775 3079 864 3135 potest
881 3088 930 3140 pro
948 3078 979 3121 nt
999 3088 1112 3133 naccum,
1131 3089 1186 3124 non
1200 3090 1254 3124 cum

278 3145 351 3202 itto:
378 3148 424 3200 sed
448 3149 532 3199 maior
555 3149 625 3199 inest
648 3149 702 3200 vis:
729 3169 789 3202 nam
817 3165 894 3204 antea
915 3158 1058 3206 Daemones
1077 3155 1183 3207 dixerat
1201 3174 1254 3208 cnm

279 3234 351 3285 istoc
371 3236 509 3302 primum,
533 3233 579 3302 qui
605 3244 632 3286 tc
658 3236 755 3300 novit,
781 3236 904 3305 disputa.
939 3239 1059 3290 affirmat
1084 3241 1168 3308 igitur
1190 3243 1252 3292 Tra-

279 3316 366 3369 chalio
384 3335 417 3369 ex
436 3336 482 3369 sua
501 3329 576 3386 parte
595 3319 640 3381 id,
660 3320 732 3387 quod
746 3324 892 3375 Daemones
910 3324 987 3375 dixit.

219 3494 221 3499 Ι
293 3424 325 3481 2.
358 3419 478 3483 Errant
493 3421 533 3499 ii,
555 3423 628 3506 qui,
649 3422 869 3511 Facciolatum
889 3427 1037 3512 sequuti,
1059 3427 1183 3492 docent
1199 3442 1253 3494 ct-

142 3578 145 3583 ,
229 3504 268 3566 ru'
281 3504 363 3589 poni
378 3506 412 3568 iu
430 3507 617 3570 continuata
635 3511 794 3574 sententia
811 3533 875 3596 pro
892 3524 1003 3599 utque,
1021 3525 1123 3599 atque
1138 3516 1251 3578 etiam.

205 3527 396 3673 K‘umquam
422 3591 510 3655 enim
535 3594 632 3678 utqui
657 3595 829 3681 coniungit
857 3599 1003 3683 aequalia
1031 3609 1088 3661 aut
1125 3602 1252 3674 similia,

206 3675 263 3738 sed
287 3675 410 3763 ubique
438 3678 671 3743 adversativam
698 3680 972 3767 significationem
998 3683 1058 3747 sibi
1083 3689 1250 3773 propriam

204 3759 374 3845 perbibet,
403 3784 511 3849 neque
534 3764 730 3828 sententiam
748 3770 1007 3852 consequutione
1030 3774 1187 3855 producit
1203 3776 1251 3849 ita,

149 3843 152 3849 ’
203 3855 240 3907 ut
255 3846 297 3909 sit
311 3848 385 3910 arad
400 3871 448 3912 aa.
490 3849 527 3914 Id
546 3873 615 3913 non
641 3851 718 3913 satis
741 3852 890 3917 distinxit
917 3855 1067 3930 Voorda,
1091 3881 1197 3944 quum
1218 3859 1250 3921 in

202 3929 291 3995 Lect.
308 3932 398 3997 Tull.
415 3957 443 3997 c.
462 3937 492 3999 8.
511 3937 550 4000 de
568 3935 737 4020 utriusque
754 3937 902 4003 vocabuli
920 3941 1109 4009 discrimine
1133 3954 1252 4032 ageret,

202 4027 235 4079 et
251 4016 470 4084 schwartzius
489 4022 523 4085 in
541 4020 729 4087 Tursellino
748 4021 830 4087 falsa
846 4028 999 4112 apposuit
1014 4031 1170 4117 exempla
1187 4032 1252 4097 Cic.

153 4136 155 4141 .
200 4103 311 4188 Agrar.
327 4111 367 4187 2,
388 4109 421 4169 6.
442 4108 536 4171 Verr.
556 4114 591 4189 1,
611 4111 674 4188 42,
700 4111 788 4185 108.,
811 4110 982 4199 inquibus
1007 4119 1197 4185 necessario
1222 4130 1251 4182 et
