<?xml version="1.0" encoding="UTF-8"?>
<!DOCTYPE html PUBLIC "-//W3C//DTD XHTML 1.0 Transitional//EN"
    "http://www.w3.org/TR/xhtml1/DTD/xhtml1-transitional.dtd">
<html xmlns="http://www.w3.org/1999/xhtml" xml:lang="en" lang="en">
 <head>
  <title>
</title>
<meta http-equiv="Content-Type" content="text/html;charset=utf-8" />
  <meta name='ocr-system' content='tesseract 3.04.00' />
  <meta name='ocr-capabilities' content='ocr_page ocr_carea ocr_par ocr_line ocrx_word'/>
</head>
<body>
  <div class='ocr_page' id='page_1' title='image "./tursellinusseud03handgoog_0381.png"; bbox 0 0 2618 4770; ppageno 0'>
   <div class='ocr_carea' id='block_1_1' title="bbox 101 690 350 754">
    <p class='ocr_par' dir='ltr' id='par_1_1' title="bbox 101 690 350 754">
     <span class='ocr_line' id='line_1_1' title="bbox 101 690 350 754; baseline -0.012 0"><span class='ocrx_word' id='word_1_1' title='bbox 101 725 107 738; x_wconf 55' lang='grc' dir='ltr'><em>ι</em></span> <span class='ocrx_word' id='word_1_2' title='bbox 149 712 154 737; x_wconf 84' lang='grc'><strong><em>·</em></strong></span> <span class='ocrx_word' id='word_1_3' title='bbox 214 690 350 754; x_wconf 87' lang='lat' dir='ltr'><strong>dicatur.</strong></span> 
     </span>
    </p>
   </div>
   <div class='ocr_carea' id='block_1_2' title="bbox 201 256 879 351">
    <p class='ocr_par' dir='ltr' id='par_1_2' title="bbox 201 256 879 351">
     <span class='ocr_line' id='line_1_2' title="bbox 201 256 879 351; baseline -0.006 -4"><span class='ocrx_word' id='word_1_4' title='bbox 201 282 273 348; x_wconf 81' lang='lat' dir='ltr'><strong>seo</strong></span> <span class='ocrx_word' id='word_1_5' title='bbox 586 259 591 313; x_wconf 58' lang='lat'><strong>¹&gt;</strong></span> <span class='ocrx_word' id='word_1_6' title='bbox 692 276 767 349; x_wconf 76' lang='lat' dir='ltr'><strong>ars..</strong></span> <span class='ocrx_word' id='word_1_7' title='bbox 864 256 879 351; x_wconf 71' lang='grc' dir='ltr'><em>ζ</em></span> 
     </span>
    </p>
   </div>
   <div class='ocr_carea' id='block_1_3' title="bbox 105 427 1299 2481">
    <p class='ocr_par' dir='ltr' id='par_1_3' title="bbox 105 427 1299 2481">
     <span class='ocr_line' id='line_1_3' title="bbox 105 427 1299 517; baseline -0.007 -19"><span class='ocrx_word' id='word_1_8' title='bbox 105 468 109 481; x_wconf 83' lang='lat'><strong>·</strong></span> <span class='ocrx_word' id='word_1_9' title='bbox 211 435 317 499; x_wconf 84' lang='lat' dir='ltr'><strong>tivum</strong></span> <span class='ocrx_word' id='word_1_10' title='bbox 334 452 411 499; x_wconf 91' lang='lat' dir='ltr'><strong>eum</strong></span> <span class='ocrx_word' id='word_1_11' title='bbox 429 433 608 497; x_wconf 83' lang='lat' dir='ltr'><strong>accusativo</strong></span> <span class='ocrx_word' id='word_1_12' title='bbox 626 441 737 497; x_wconf 87' lang='lat' dir='ltr'><strong>autem</strong></span> <span class='ocrx_word' id='word_1_13' title='bbox 758 429 929 517; x_wconf 84' lang='lat' dir='ltr'><strong>usurpari,</strong></span> <span class='ocrx_word' id='word_1_14' title='bbox 952 427 1012 492; x_wconf 84' lang='lat' dir='ltr'><strong>ubi</strong></span> <span class='ocrx_word' id='word_1_15' title='bbox 1028 449 1099 493; x_wconf 91' lang='lat' dir='ltr'><strong>non</strong></span> <span class='ocrx_word' id='word_1_16' title='bbox 1118 429 1235 494; x_wconf 88' lang='lat' dir='ltr'><strong>interro·</strong></span> <span class='ocrx_word' id='word_1_17' title='bbox 1273 452 1299 493; x_wconf 82' lang='lat' dir='ltr'><strong>:as</strong></span> 
     </span>
     <span class='ocr_line' id='line_1_4' title="bbox 213 515 1296 616; baseline -0.003 -32"><span class='ocrx_word' id='word_1_18' title='bbox 213 521 382 605; x_wconf 86' lang='lat' dir='ltr'><strong>gationem</strong></span> <span class='ocrx_word' id='word_1_19' title='bbox 399 518 622 616; x_wconf 84' lang='lat' dir='ltr'><strong>propositam,</strong></span> <span class='ocrx_word' id='word_1_20' title='bbox 644 517 712 597; x_wconf 91' lang='lat' dir='ltr'><strong>sed,</strong></span> <span class='ocrx_word' id='word_1_21' title='bbox 727 517 888 581; x_wconf 88' lang='lat' dir='ltr'><strong>sententia</strong></span> <span class='ocrx_word' id='word_1_22' title='bbox 906 525 981 578; x_wconf 85' lang='lat' dir='ltr'><strong>aute</strong></span> <span class='ocrx_word' id='word_1_23' title='bbox 1001 525 1169 600; x_wconf 80' lang='lat' dir='ltr'><strong>occupate,</strong></span> <span class='ocrx_word' id='word_1_24' title='bbox 1182 515 1237 591; x_wconf 82' lang='lat' dir='ltr'><strong>mi·</strong></span> <span class='ocrx_word' id='word_1_25' title='bbox 1275 527 1296 581; x_wconf 72' lang='grc' dir='ltr'><strong>Ξ.</strong></span> 
     </span>
     <span class='ocr_line' id='line_1_5' title="bbox 212 598 1240 690; baseline -0.004 -21"><span class='ocrx_word' id='word_1_26' title='bbox 212 605 376 670; x_wconf 89' lang='lat' dir='ltr'><strong>rationem</strong></span> <span class='ocrx_word' id='word_1_27' title='bbox 417 625 454 666; x_wconf 91' lang='lat' dir='ltr'><strong>er</strong></span> <span class='ocrx_word' id='word_1_28' title='bbox 467 603 737 690; x_wconf 79' lang='lat' dir='ltr'><strong>interrogationis</strong></span> <span class='ocrx_word' id='word_1_29' title='bbox 760 599 945 667; x_wconf 74' lang='lat' dir='ltr'><strong>formulam</strong></span> <span class='ocrx_word' id='word_1_30' title='bbox 960 598 1175 684; x_wconf 75' lang='lat' dir='ltr'><strong>significatam</strong></span> <span class='ocrx_word' id='word_1_31' title='bbox 1189 623 1240 665; x_wconf 82' lang='lat' dir='ltr'><strong>esse</strong></span> 
     </span>
     <span class='ocr_line' id='line_1_6' title="bbox 391 626 1242 753; baseline -0.005 -1"><span class='ocrx_word' id='word_1_32' title='bbox 391 626 432 752; x_wconf 81' lang='lat' dir='ltr'><strong>in</strong></span> <span class='ocrx_word' id='word_1_33' title='bbox 449 698 540 752; x_wconf 81' lang='lat' dir='ltr'><strong>rents</strong></span> <span class='ocrx_word' id='word_1_34' title='bbox 555 690 707 753; x_wconf 90' lang='lat' dir='ltr'><strong>oratione</strong></span> <span class='ocrx_word' id='word_1_35' title='bbox 721 687 805 752; x_wconf 88' lang='lat' dir='ltr'>nihil</span> <span class='ocrx_word' id='word_1_36' title='bbox 822 686 955 750; x_wconf 86' lang='lat' dir='ltr'><strong>diflerre</strong></span> <span class='ocrx_word' id='word_1_37' title='bbox 970 684 1031 750; x_wconf 84' lang='lat' dir='ltr'><strong>has</strong></span> <span class='ocrx_word' id='word_1_38' title='bbox 1046 684 1174 749; x_wconf 89' lang='lat' dir='ltr'><strong>dicendi</strong></span> <span class='ocrx_word' id='word_1_39' title='bbox 1186 685 1242 748; x_wconf 86' lang='lat' dir='ltr'><strong>for·</strong></span> 
     </span>
     <span class='ocr_line' id='line_1_7' title="bbox 213 771 1243 860; baseline -0.007 -19"><span class='ocrx_word' id='word_1_40' title='bbox 213 772 305 849; x_wconf 82' lang='lat' dir='ltr'><strong>mas,</strong></span> <span class='ocrx_word' id='word_1_41' title='bbox 331 784 429 859; x_wconf 87' lang='lat' dir='ltr'><strong>atque</strong></span> <span class='ocrx_word' id='word_1_42' title='bbox 445 783 621 860; x_wconf 88' lang='lat' dir='ltr'><strong>utramque</strong></span> <span class='ocrx_word' id='word_1_43' title='bbox 640 784 673 838; x_wconf 92' lang='lat' dir='ltr'><strong>et</strong></span> <span class='ocrx_word' id='word_1_44' title='bbox 688 771 1000 859; x_wconf 76' lang='lat' dir='ltr'><strong>interrogationem,</strong></span> <span class='ocrx_word' id='word_1_45' title='bbox 1027 792 1113 858; x_wconf 89' lang='lat' dir='ltr'><strong>quae</strong></span> <span class='ocrx_word' id='word_1_46' title='bbox 1126 790 1243 857; x_wconf 86' lang='lat' dir='ltr'><strong>respon·</strong></span> 
     </span>
     <span class='ocr_line' id='line_1_8' title="bbox 216 856 1244 944; baseline -0.004 -21"><span class='ocrx_word' id='word_1_47' title='bbox 216 861 347 924; x_wconf 87' lang='lat' dir='ltr'><strong>sionem</strong></span> <span class='ocrx_word' id='word_1_48' title='bbox 365 859 529 944; x_wconf 88' lang='lat' dir='ltr'><strong>requirat,</strong></span> <span class='ocrx_word' id='word_1_49' title='bbox 550 870 582 924; x_wconf 88' lang='lat' dir='ltr'><strong>et</strong></span> <span class='ocrx_word' id='word_1_50' title='bbox 597 858 890 937; x_wconf 76' lang='lat' dir='ltr'><strong>exclamationem,</strong></span> <span class='ocrx_word' id='word_1_51' title='bbox 917 878 999 942; x_wconf 83' lang='lat' dir='ltr'><strong>quse</strong></span> <span class='ocrx_word' id='word_1_52' title='bbox 1015 856 1244 943; x_wconf 79' lang='lat' dir='ltr'><strong>responsionem</strong></span> 
     </span>
     <span class='ocr_line' id='line_1_9' title="bbox 215 941 1246 1032; baseline -0.006 -23"><span class='ocrx_word' id='word_1_53' title='bbox 215 944 251 1009; x_wconf 92' lang='lat' dir='ltr'><strong>in</strong></span> <span class='ocrx_word' id='word_1_54' title='bbox 280 967 314 1009; x_wconf 92' lang='lat' dir='ltr'><strong>se</strong></span> <span class='ocrx_word' id='word_1_55' title='bbox 339 943 458 1010; x_wconf 88' lang='lat' dir='ltr'><strong>habeat</strong></span> <span class='ocrx_word' id='word_1_56' title='bbox 482 955 753 1032; x_wconf 73' lang='lat' dir='ltr'><strong>praesumptam,</strong></span> <span class='ocrx_word' id='word_1_57' title='bbox 781 964 849 1010; x_wconf 87' lang='lat' dir='ltr'><strong>uno</strong></span> <span class='ocrx_word' id='word_1_58' title='bbox 869 941 974 1008; x_wconf 89' lang='lat' dir='ltr'><strong>modo</strong></span> <span class='ocrx_word' id='word_1_59' title='bbox 993 941 1161 1030; x_wconf 76' lang='lat' dir='ltr'><strong>exprimis·</strong></span> <span class='ocrx_word' id='word_1_60' title='bbox 1184 941 1246 1005; x_wconf 83' lang='lat' dir='ltr'><strong>stin</strong></span> 
     </span>
     <span class='ocr_line' id='line_1_10' title="bbox 217 1024 1299 1117; baseline 0 -23"><span class='ocrx_word' id='word_1_61' title='bbox 217 1030 370 1094; x_wconf 86' lang='lat' dir='ltr'><strong>oratione</strong></span> <span class='ocrx_word' id='word_1_62' title='bbox 387 1028 521 1114; x_wconf 92' lang='lat' dir='ltr'><strong>obliqua</strong></span> <span class='ocrx_word' id='word_1_63' title='bbox 536 1030 692 1117; x_wconf 84' lang='lat' dir='ltr'><strong>distingui</strong></span> <span class='ocrx_word' id='word_1_64' title='bbox 711 1029 810 1093; x_wconf 63' lang='lat' dir='ltr'><strong>illamv</strong></span> <span class='ocrx_word' id='word_1_65' title='bbox 822 1027 1002 1094; x_wconf 82' lang='lat' dir='ltr'><strong>sententiae</strong></span> <span class='ocrx_word' id='word_1_66' title='bbox 1026 1038 1103 1092; x_wconf 80' lang='lat' dir='ltr'><strong>ante</strong></span> <span class='ocrx_word' id='word_1_67' title='bbox 1122 1046 1247 1117; x_wconf 79' lang='lat' dir='ltr'><strong>oocupa-</strong></span> <span class='ocrx_word' id='word_1_68' title='bbox 1286 1024 1299 1094; x_wconf 69' lang='grc' dir='ltr'><em>ἲ</em></span> 
     </span>
     <span class='ocr_line' id='line_1_11' title="bbox 216 1108 1247 1201; baseline -0.003 -23"><span class='ocrx_word' id='word_1_69' title='bbox 216 1124 269 1179; x_wconf 86' lang='lat' dir='ltr'><strong>tae</strong></span> <span class='ocrx_word' id='word_1_70' title='bbox 287 1108 525 1193; x_wconf 77' lang='lat' dir='ltr'><strong>definitionem.</strong></span> <span class='ocrx_word' id='word_1_71' title='bbox 575 1116 687 1197; x_wconf 84' lang='lat' dir='ltr'><strong>Quare</strong></span> <span class='ocrx_word' id='word_1_72' title='bbox 708 1134 813 1201; x_wconf 88' lang='lat' dir='ltr'><strong>quum</strong></span> <span class='ocrx_word' id='word_1_73' title='bbox 828 1113 899 1178; x_wconf 88' lang='lat' dir='ltr'><strong>Liv.</strong></span> <span class='ocrx_word' id='word_1_74' title='bbox 928 1117 967 1194; x_wconf 88' lang='lat'><strong>6,</strong></span> <span class='ocrx_word' id='word_1_75' title='bbox 987 1115 1044 1180; x_wconf 82' lang='grc'><strong>87.</strong></span> <span class='ocrx_word' id='word_1_76' title='bbox 1067 1112 1247 1200; x_wconf 76' lang='lat' dir='ltr'><strong>scripsisset:</strong></span> 
     </span>
     <span class='ocr_line' id='line_1_12' title="bbox 217 1196 1299 1289; baseline -0.006 -23"><span class='ocrx_word' id='word_1_77' title='bbox 217 1218 265 1266; x_wconf 80' lang='lat' dir='ltr'><strong>en</strong></span> <span class='ocrx_word' id='word_1_78' title='bbox 289 1201 364 1264; x_wconf 82' lang='lat' dir='ltr'><strong>ism</strong></span> <span class='ocrx_word' id='word_1_79' title='bbox 387 1200 554 1266; x_wconf 82' lang='lat' dir='ltr'><strong>memorie</strong></span> <span class='ocrx_word' id='word_1_80' title='bbox 577 1202 705 1280; x_wconf 79' lang='lat' dir='ltr'><strong>exisse,</strong></span> <span class='ocrx_word' id='word_1_81' title='bbox 727 1236 773 1252; x_wconf 89' lang='lat'><strong>-—</strong></span> <span class='ocrx_word' id='word_1_82' title='bbox 801 1210 947 1287; x_wconf 80' lang='lat' dir='ltr'><strong>qsratuor</strong></span> <span class='ocrx_word' id='word_1_83' title='bbox 971 1209 1005 1263; x_wconf 77' lang='lat' dir='ltr'><strong>et</strong></span> <span class='ocrx_word' id='word_1_84' title='bbox 1027 1196 1250 1289; x_wconf 75' lang='lat' dir='ltr'><strong>qnadraginta</strong></span> <span class='ocrx_word' id='word_1_85' title='bbox 1293 1268 1299 1275; x_wconf 57' lang='grc'><strong>,</strong></span> 
     </span>
     <span class='ocr_line' id='line_1_13' title="bbox 217 1282 1299 1384; baseline -0.005 -34"><span class='ocrx_word' id='word_1_86' title='bbox 217 1285 320 1350; x_wconf 80' lang='lat' dir='ltr'><strong>annis</strong></span> <span class='ocrx_word' id='word_1_87' title='bbox 347 1286 518 1351; x_wconf 81' lang='lat' dir='ltr'><strong>neminem</strong></span> <span class='ocrx_word' id='word_1_88' title='bbox 543 1284 707 1384; x_wconf 78' lang='lat' dir='ltr'><strong>explebe</strong></span> <span class='ocrx_word' id='word_1_89' title='bbox 734 1284 907 1352; x_wconf 79' lang='lat' dir='ltr'><strong>tribunum</strong></span> <span class='ocrx_word' id='word_1_90' title='bbox 936 1282 1087 1349; x_wconf 76' lang='lat' dir='ltr'><strong>militum</strong></span> <span class='ocrx_word' id='word_1_91' title='bbox 1117 1294 1250 1348; x_wconf 77' lang='lat' dir='ltr'><strong>creatum</strong></span> <span class='ocrx_word' id='word_1_92' title='bbox 1294 1297 1299 1359; x_wconf 74' lang='grc' dir='ltr'><strong><em>ζ</em></strong></span> 
     </span>
     <span class='ocr_line' id='line_1_14' title="bbox 218 1366 1299 1458; baseline -0.002 -24"><span class='ocrx_word' id='word_1_93' title='bbox 218 1367 313 1435; x_wconf 81' lang='lat' dir='ltr'><strong>esse?</strong></span> <span class='ocrx_word' id='word_1_94' title='bbox 331 1390 493 1437; x_wconf 17' lang='lat' dir='ltr'><strong>eumsnon</strong></span> <span class='ocrx_word' id='word_1_95' title='bbox 511 1375 724 1458; x_wconf 81' lang='lat' dir='ltr'><strong>quaesivisse,</strong></span> <span class='ocrx_word' id='word_1_96' title='bbox 745 1381 859 1437; x_wconf 87' lang='lat' dir='ltr'><strong>utrum</strong></span> <span class='ocrx_word' id='word_1_97' title='bbox 875 1368 1039 1436; x_wconf 78' lang='lat' dir='ltr'><strong>memoria</strong></span> <span class='ocrx_word' id='word_1_98' title='bbox 1055 1368 1179 1433; x_wconf 84' lang='lat' dir='ltr'><strong>exisset</strong></span> <span class='ocrx_word' id='word_1_99' title='bbox 1191 1389 1251 1433; x_wconf 85' lang='lat' dir='ltr'><strong>nes·</strong></span> <span class='ocrx_word' id='word_1_100' title='bbox 1296 1366 1299 1391; x_wconf 45' lang='lat' dir='ltr'><strong>l</strong></span> 
     </span>
     <span class='ocr_line' id='line_1_15' title="bbox 217 1452 1252 1544; baseline -0.003 -24"><span class='ocrx_word' id='word_1_101' title='bbox 217 1478 261 1520; x_wconf 87' lang='lat' dir='ltr'><strong>ne</strong></span> <span class='ocrx_word' id='word_1_102' title='bbox 280 1454 385 1544; x_wconf 83' lang='lat' dir='ltr'><strong>(quod</strong></span> <span class='ocrx_word' id='word_1_103' title='bbox 404 1478 475 1520; x_wconf 83' lang='lat' dir='ltr'><strong>esse</strong></span> <span class='ocrx_word' id='word_1_104' title='bbox 490 1456 651 1524; x_wconf 71' lang='lat' dir='ltr'><strong>deberets</strong></span> <span class='ocrx_word' id='word_1_105' title='bbox 669 1480 716 1524; x_wconf 82' lang='lat' dir='ltr'><strong>an</strong></span> <span class='ocrx_word' id='word_1_106' title='bbox 731 1456 805 1522; x_wconf 80' lang='lat' dir='ltr'><strong>iam</strong></span> <span class='ocrx_word' id='word_1_107' title='bbox 827 1455 996 1520; x_wconf 82' lang='lat' dir='ltr'><strong>memoria</strong></span> <span class='ocrx_word' id='word_1_108' title='bbox 1016 1454 1180 1539; x_wconf 78' lang='lat' dir='ltr'><strong>essisset),</strong></span> <span class='ocrx_word' id='word_1_109' title='bbox 1208 1452 1252 1517; x_wconf 84' lang='lat' dir='ltr'><strong>ssd</strong></span> 
     </span>
     <span class='ocr_line' id='line_1_16' title="bbox 218 1538 1254 1630; baseline -0.001 -26"><span class='ocrx_word' id='word_1_110' title='bbox 218 1556 283 1629; x_wconf 86' lang='lat' dir='ltr'><strong>pro</strong></span> <span class='ocrx_word' id='word_1_111' title='bbox 301 1553 474 1630; x_wconf 86' lang='lat' dir='ltr'><strong>comperto</strong></span> <span class='ocrx_word' id='word_1_112' title='bbox 490 1543 659 1628; x_wconf 86' lang='lat' dir='ltr'><strong>posuisse,</strong></span> <span class='ocrx_word' id='word_1_113' title='bbox 689 1543 756 1607; x_wconf 90' lang='lat' dir='ltr'><strong>iam</strong></span> <span class='ocrx_word' id='word_1_114' title='bbox 774 1541 938 1606; x_wconf 85' lang='lat' dir='ltr'><strong>memoria</strong></span> <span class='ocrx_word' id='word_1_115' title='bbox 955 1541 1070 1605; x_wconf 83' lang='lat' dir='ltr'><strong>exisse.</strong></span> <span class='ocrx_word' id='word_1_116' title='bbox 1116 1538 1160 1605; x_wconf 84' lang='lat' dir='ltr'><strong>Et</strong></span> <span class='ocrx_word' id='word_1_117' title='bbox 1174 1538 1254 1603; x_wconf 82' lang='lat' dir='ltr'><strong>sicin</strong></span> 
     </span>
     <span class='ocr_line' id='line_1_17' title="bbox 137 1622 1256 1716; baseline -0.004 -25"><span class='ocrx_word' id='word_1_118' title='bbox 137 1660 141 1683; x_wconf 68' lang='grc' dir='ltr'><strong>ι</strong></span> <span class='ocrx_word' id='word_1_119' title='bbox 168 1663 172 1668; x_wconf 90' lang='lat'><em>-</em></span> <span class='ocrx_word' id='word_1_120' title='bbox 219 1626 374 1716; x_wconf 83' lang='lat' dir='ltr'><strong>reliquis,</strong></span> <span class='ocrx_word' id='word_1_121' title='bbox 396 1625 591 1712; x_wconf 86' lang='lat' dir='ltr'><strong>inquorum</strong></span> <span class='ocrx_word' id='word_1_122' title='bbox 609 1627 828 1714; x_wconf 84' lang='lat' dir='ltr'><strong>explicatione</strong></span> <span class='ocrx_word' id='word_1_123' title='bbox 842 1626 905 1693; x_wconf 82' lang='lat' dir='ltr'><strong>tn&#39;a</strong></span> <span class='ocrx_word' id='word_1_124' title='bbox 920 1635 1016 1707; x_wconf 88' lang='lat' dir='ltr'><strong>sunt,</strong></span> <span class='ocrx_word' id='word_1_125' title='bbox 1044 1645 1129 1715; x_wconf 83' lang='lat' dir='ltr'><strong>quse</strong></span> <span class='ocrx_word' id='word_1_126' title='bbox 1145 1622 1256 1697; x_wconf 71' lang='lat' dir='ltr'><strong>deside</strong></span> 
     </span>
     <span class='ocr_line' id='line_1_18' title="bbox 219 1709 1256 1798; baseline -0.004 -21"><span class='ocrx_word' id='word_1_127' title='bbox 219 1734 343 1798; x_wconf 79' lang='lat' dir='ltr'><strong>remus.</strong></span> <span class='ocrx_word' id='word_1_128' title='bbox 387 1712 536 1776; x_wconf 89' lang='lat' dir='ltr'><strong>Primum</strong></span> <span class='ocrx_word' id='word_1_129' title='bbox 555 1714 592 1778; x_wconf 91' lang='lat' dir='ltr'><strong>in</strong></span> <span class='ocrx_word' id='word_1_130' title='bbox 613 1713 776 1797; x_wconf 84' lang='lat' dir='ltr'><strong>exemplis</strong></span> <span class='ocrx_word' id='word_1_131' title='bbox 797 1712 867 1776; x_wconf 86' lang='lat' dir='ltr'><strong>Liv.</strong></span> <span class='ocrx_word' id='word_1_132' title='bbox 892 1717 931 1792; x_wconf 90' lang='lat'><strong>7,</strong></span> <span class='ocrx_word' id='word_1_133' title='bbox 949 1712 981 1774; x_wconf 78' lang='lat'><strong>4.</strong></span> <span class='ocrx_word' id='word_1_134' title='bbox 1011 1709 1103 1798; x_wconf 79' lang='lat' dir='ltr'><strong>qnod</strong></span> <span class='ocrx_word' id='word_1_135' title='bbox 1124 1721 1256 1776; x_wconf 72' lang='lat' dir='ltr'><strong>natissae</strong></span> 
     </span>
     <span class='ocr_line' id='line_1_19' title="bbox 221 1793 1257 1884; baseline -0.004 -23"><span class='ocrx_word' id='word_1_136' title='bbox 221 1797 389 1862; x_wconf 77' lang='lat' dir='ltr'><strong>damnum</strong></span> <span class='ocrx_word' id='word_1_137' title='bbox 411 1809 525 1862; x_wconf 79' lang='lat' dir='ltr'><strong>utrum</strong></span> <span class='ocrx_word' id='word_1_138' title='bbox 555 1798 777 1865; x_wconf 80' lang='lat' dir='ltr'><strong>nutriendum</strong></span> <span class='ocrx_word' id='word_1_139' title='bbox 790 1797 912 1884; x_wconf 83' lang='lat' dir='ltr'><strong>patri,</strong></span> <span class='ocrx_word' id='word_1_140' title='bbox 946 1821 994 1860; x_wconf 82' lang='lat' dir='ltr'><strong>an</strong></span> <span class='ocrx_word' id='word_1_141' title='bbox 1024 1793 1257 1882; x_wconf 75' lang='lat' dir='ltr'><strong>castigandam</strong></span> 
     </span>
     <span class='ocr_line' id='line_1_20' title="bbox 222 1879 1258 1972; baseline -0.004 -25"><span class='ocrx_word' id='word_1_142' title='bbox 222 1906 266 1947; x_wconf 80' lang='lat' dir='ltr'><strong>nc</strong></span> <span class='ocrx_word' id='word_1_143' title='bbox 290 1884 465 1948; x_wconf 80' lang='lat' dir='ltr'><strong>vexatione</strong></span> <span class='ocrx_word' id='word_1_144' title='bbox 486 1885 625 1970; x_wconf 80' lang='lat' dir='ltr'><strong>insigne</strong></span> <span class='ocrx_word' id='word_1_145' title='bbox 636 1882 844 1972; x_wconf 74' lang='lat' dir='ltr'><strong>jaciendum</strong></span> <span class='ocrx_word' id='word_1_146' title='bbox 857 1879 997 1971; x_wconf 80' lang='lat' dir='ltr'><strong>fuisse?</strong></span> <span class='ocrx_word' id='word_1_147' title='bbox 1030 1890 1064 1950; x_wconf 89' lang='lat' dir='ltr'><strong>et</strong></span> <span class='ocrx_word' id='word_1_148' title='bbox 1087 1890 1172 1971; x_wconf 76' lang='lat' dir='ltr'><strong>quae</strong></span> <span class='ocrx_word' id='word_1_149' title='bbox 1194 1889 1258 1945; x_wconf 87' lang='lat' dir='ltr'><strong>sunt</strong></span> 
     </span>
     <span class='ocr_line' id='line_1_21' title="bbox 221 1965 1259 2055; baseline -0.003 -23"><span class='ocrx_word' id='word_1_150' title='bbox 221 1967 320 2032; x_wconf 91' lang='lat' dir='ltr'><strong>huius</strong></span> <span class='ocrx_word' id='word_1_151' title='bbox 337 1970 481 2055; x_wconf 89' lang='lat' dir='ltr'><strong>generis,</strong></span> <span class='ocrx_word' id='word_1_152' title='bbox 499 1971 682 2033; x_wconf 91' lang='lat' dir='ltr'><strong>necessario</strong></span> <span class='ocrx_word' id='word_1_153' title='bbox 701 1978 908 2055; x_wconf 83' lang='lat' dir='ltr'><strong>exspectatur</strong></span> <span class='ocrx_word' id='word_1_154' title='bbox 928 1967 1120 2054; x_wconf 81' lang='lat' dir='ltr'><strong>responsio,</strong></span> <span class='ocrx_word' id='word_1_155' title='bbox 1149 1965 1259 2030; x_wconf 70' lang='lat' dir='ltr'><strong>suomi</strong></span> 
     </span>
     <span class='ocr_line' id='line_1_22' title="bbox 223 2050 1299 2141; baseline -0.004 -24"><span class='ocrx_word' id='word_1_156' title='bbox 223 2076 260 2117; x_wconf 90' lang='lat' dir='ltr'><strong>ea</strong></span> <span class='ocrx_word' id='word_1_157' title='bbox 275 2076 346 2116; x_wconf 89' lang='lat' dir='ltr'><strong>non</strong></span> <span class='ocrx_word' id='word_1_158' title='bbox 362 2052 469 2119; x_wconf 81' lang='lat' dir='ltr'><strong>verbis</strong></span> <span class='ocrx_word' id='word_1_159' title='bbox 487 2075 640 2140; x_wconf 86' lang='lat' dir='ltr'><strong>expressa</strong></span> <span class='ocrx_word' id='word_1_160' title='bbox 656 2056 787 2141; x_wconf 85' lang='lat' dir='ltr'><strong>legitur.</strong></span> <span class='ocrx_word' id='word_1_161' title='bbox 827 2054 918 2117; x_wconf 88' lang='lat' dir='ltr'><strong>Tum</strong></span> <span class='ocrx_word' id='word_1_162' title='bbox 932 2050 1056 2120; x_wconf 89' lang='lat' dir='ltr'><strong>mirum</strong></span> <span class='ocrx_word' id='word_1_163' title='bbox 1074 2051 1258 2134; x_wconf 82' lang='lat' dir='ltr'><strong>videtur,id,</strong></span> <span class='ocrx_word' id='word_1_164' title='bbox 1296 2062 1299 2131; x_wconf 68' lang='grc' dir='ltr'>ἶ</span> 
     </span>
     <span class='ocr_line' id='line_1_23' title="bbox 224 2137 1260 2225; baseline 0 -25"><span class='ocrx_word' id='word_1_165' title='bbox 224 2139 315 2225; x_wconf 88' lang='lat' dir='ltr'><strong>quod</strong></span> <span class='ocrx_word' id='word_1_166' title='bbox 337 2139 370 2201; x_wconf 94' lang='lat' dir='ltr'><strong>in</strong></span> <span class='ocrx_word' id='word_1_167' title='bbox 395 2149 483 2203; x_wconf 81' lang='lat' dir='ltr'><strong>reeta</strong></span> <span class='ocrx_word' id='word_1_168' title='bbox 508 2141 659 2208; x_wconf 87' lang='lat' dir='ltr'><strong>oratione</strong></span> <span class='ocrx_word' id='word_1_169' title='bbox 688 2141 819 2207; x_wconf 89' lang='lat' dir='ltr'><strong>nullum</strong></span> <span class='ocrx_word' id='word_1_170' title='bbox 846 2139 997 2221; x_wconf 37' lang='lat' dir='ltr'><strong>haberet·</strong></span> <span class='ocrx_word' id='word_1_171' title='bbox 1012 2138 1206 2217; x_wconf 83' lang='lat' dir='ltr'><strong>discrimen,</strong></span> <span class='ocrx_word' id='word_1_172' title='bbox 1231 2137 1260 2200; x_wconf 88' lang='lat' dir='ltr'><strong>in</strong></span> 
     </span>
     <span class='ocr_line' id='line_1_24' title="bbox 224 2223 1260 2313; baseline -0.001 -27"><span class='ocrx_word' id='word_1_173' title='bbox 224 2223 359 2310; x_wconf 87' lang='lat' dir='ltr'><strong>obliqua</strong></span> <span class='ocrx_word' id='word_1_174' title='bbox 376 2224 566 2290; x_wconf 85' lang='lat' dir='ltr'><strong>distinctum</strong></span> <span class='ocrx_word' id='word_1_175' title='bbox 584 2248 663 2290; x_wconf 88' lang='lat' dir='ltr'><strong>esse.</strong></span> <span class='ocrx_word' id='word_1_176' title='bbox 706 2227 856 2313; x_wconf 89' lang='lat' dir='ltr'><strong>Denique</strong></span> <span class='ocrx_word' id='word_1_177' title='bbox 870 2225 903 2289; x_wconf 92' lang='lat' dir='ltr'><strong>in</strong></span> <span class='ocrx_word' id='word_1_178' title='bbox 922 2225 967 2309; x_wconf 85' lang='lat' dir='ltr'><strong>iis</strong></span> <span class='ocrx_word' id='word_1_179' title='bbox 976 2245 1113 2313; x_wconf 89' lang='lat' dir='ltr'><strong>qnoque</strong></span> <span class='ocrx_word' id='word_1_180' title='bbox 1128 2223 1260 2289; x_wconf 86' lang='lat' dir='ltr'><strong>interro·</strong></span> 
     </span>
     <span class='ocr_line' id='line_1_25' title="bbox 224 2308 1261 2395; baseline 0.001 -25"><span class='ocrx_word' id='word_1_181' title='bbox 224 2308 433 2392; x_wconf 81' lang='lat' dir='ltr'><strong>gationibns‚¹</strong></span> <span class='ocrx_word' id='word_1_182' title='bbox 454 2330 536 2394; x_wconf 91' lang='lat' dir='ltr'><strong>quae</strong></span> <span class='ocrx_word' id='word_1_183' title='bbox 559 2309 886 2389; x_wconf 84' lang='lat' dir='ltr'><strong>rhetoricammodo</strong></span> <span class='ocrx_word' id='word_1_184' title='bbox 911 2312 978 2375; x_wconf 88' lang='lat' dir='ltr'><strong>vim</strong></span> <span class='ocrx_word' id='word_1_185' title='bbox 1003 2309 1147 2386; x_wconf 82' lang='lat' dir='ltr'><strong>habent,</strong></span> <span class='ocrx_word' id='word_1_186' title='bbox 1178 2327 1261 2395; x_wconf 78' lang='lat' dir='ltr'><strong>saepe</strong></span> 
     </span>
     <span class='ocr_line' id='line_1_26' title="bbox 224 2392 1262 2481; baseline 0.003 -27"><span class='ocrx_word' id='word_1_187' title='bbox 224 2392 453 2456; x_wconf 82' lang='lat' dir='ltr'><strong>coniunctivae</strong></span> <span class='ocrx_word' id='word_1_188' title='bbox 468 2396 624 2481; x_wconf 86' lang='lat' dir='ltr'><strong>ponitur,</strong></span> <span class='ocrx_word' id='word_1_189' title='bbox 656 2395 754 2463; x_wconf 84' lang='lat' dir='ltr'><strong>veluti</strong></span> <span class='ocrx_word' id='word_1_190' title='bbox 772 2397 865 2460; x_wconf 87' lang='lat' dir='ltr'><strong>Caes.</strong></span> <span class='ocrx_word' id='word_1_191' title='bbox 882 2396 920 2459; x_wconf 93' lang='lat' dir='ltr'><strong>B.</strong></span> <span class='ocrx_word' id='word_1_192' title='bbox 948 2394 1034 2460; x_wconf 87' lang='lat' dir='ltr'><strong>Gall.</strong></span> <span class='ocrx_word' id='word_1_193' title='bbox 1060 2396 1100 2474; x_wconf 84' lang='lat'><strong>5,</strong></span> <span class='ocrx_word' id='word_1_194' title='bbox 1127 2396 1182 2458; x_wconf 79' lang='lat'><strong>29.</strong></span> <span class='ocrx_word' id='word_1_195' title='bbox 1203 2414 1262 2479; x_wconf 79' lang='lat' dir='ltr'><strong>pc·</strong></span> 
     </span>
    </p>
   </div>
   <div class='ocr_carea' id='block_1_4' title="bbox 185 2474 1263 2653">
    <p class='ocr_par' dir='ltr' id='par_1_4' title="bbox 185 2474 1263 2653">
     <span class='ocr_line' id='line_1_27' title="bbox 185 2474 1263 2566; baseline 0.002 -28"><span class='ocrx_word' id='word_1_196' title='bbox 185 2522 202 2537; x_wconf 51' lang='lat'>2</span> <span class='ocrx_word' id='word_1_197' title='bbox 222 2488 358 2558; x_wconf 85' lang='lat' dir='ltr'><strong>stremo,</strong></span> <span class='ocrx_word' id='word_1_198' title='bbox 382 2480 456 2564; x_wconf 83' lang='lat' dir='ltr'><strong>quis</strong></span> <span class='ocrx_word' id='word_1_199' title='bbox 471 2484 533 2544; x_wconf 79' lang='lat' dir='ltr'><strong>lzoe</strong></span> <span class='ocrx_word' id='word_1_200' title='bbox 547 2482 614 2546; x_wconf 84' lang='lat' dir='ltr'><strong>sibi</strong></span> <span class='ocrx_word' id='word_1_201' title='bbox 652 2478 874 2548; x_wconf 82' lang='lat' dir='ltr'><strong>ersuaderet?</strong></span> <span class='ocrx_word' id='word_1_202' title='bbox 894 2500 1097 2566; x_wconf 85' lang='lat' dir='ltr'><strong>quamquam</strong></span> <span class='ocrx_word' id='word_1_203' title='bbox 1113 2481 1204 2543; x_wconf 73' lang='lat' dir='ltr'><strong>sss.</strong></span> <span class='ocrx_word' id='word_1_204' title='bbox 1220 2474 1263 2540; x_wconf 87' lang='lat' dir='ltr'><strong>di·</strong></span> 
     </span>
     <span class='ocr_line' id='line_1_28' title="bbox 223 2505 1263 2653; baseline 0.001 -29"><span class='ocrx_word' id='word_1_205' title='bbox 223 2572 335 2625; x_wconf 73' lang='lat' dir='ltr'><strong>xeratz</strong></span> <span class='ocrx_word' id='word_1_206' title='bbox 356 2576 528 2648; x_wconf 85' lang='lat' dir='ltr'><strong>postremo</strong></span> <span class='ocrx_word' id='word_1_207' title='bbox 546 2505 652 2653; x_wconf 67' lang='lat' dir='ltr'><strong>qreidp</strong></span> <span class='ocrx_word' id='word_1_208' title='bbox 652 2591 721 2631; x_wconf 86' lang='lat' dir='ltr'><strong>esse</strong></span> <span class='ocrx_word' id='word_1_209' title='bbox 746 2567 850 2631; x_wconf 76' lang='lat' dir='ltr'><strong>levius</strong></span> <span class='ocrx_word' id='word_1_210' title='bbox 866 2577 938 2632; x_wconf 79' lang='lat' dir='ltr'><strong>out</strong></span> <span class='ocrx_word' id='word_1_211' title='bbox 960 2561 1123 2650; x_wconf 82' lang='lat' dir='ltr'><strong>turpius?</strong></span> <span class='ocrx_word' id='word_1_212' title='bbox 1149 2564 1263 2644; x_wconf 86' lang='lat' dir='ltr'><strong>Quam·</strong></span> 
     </span>
    </p>
   </div>
   <div class='ocr_carea' id='block_1_5' title="bbox 189 2645 1296 3678">
    <p class='ocr_par' dir='ltr' id='par_1_5' title="bbox 189 2645 1296 3678">
     <span class='ocr_line' id='line_1_29' title="bbox 224 2645 1263 2740; baseline 0 -31"><span class='ocrx_word' id='word_1_213' title='bbox 224 2647 342 2713; x_wconf 89' lang='lat' dir='ltr'><strong>obrem</strong></span> <span class='ocrx_word' id='word_1_214' title='bbox 368 2649 541 2738; x_wconf 81' lang='lat' dir='ltr'><strong>Kriigerus</strong></span> <span class='ocrx_word' id='word_1_215' title='bbox 557 2653 629 2738; x_wconf 89' lang='lat' dir='ltr'><strong>ipse</strong></span> <span class='ocrx_word' id='word_1_216' title='bbox 644 2675 679 2740; x_wconf 90' lang='lat' dir='ltr'><strong>p.</strong></span> <span class='ocrx_word' id='word_1_217' title='bbox 689 2658 743 2717; x_wconf 77' lang='lat'><strong>28.</strong></span> <span class='ocrx_word' id='word_1_218' title='bbox 764 2651 925 2726; x_wconf 87' lang='lat' dir='ltr'><strong>concedit,</strong></span> <span class='ocrx_word' id='word_1_219' title='bbox 949 2661 1127 2735; x_wconf 85' lang='lat' dir='ltr'><strong>utramque</strong></span> <span class='ocrx_word' id='word_1_220' title='bbox 1149 2645 1263 2712; x_wconf 89' lang='lat' dir='ltr'><strong>dicendi</strong></span> 
     </span>
     <span class='ocr_line' id='line_1_30' title="bbox 189 2731 1264 2824; baseline -0.002 -28"><span class='ocrx_word' id='word_1_221' title='bbox 189 2743 191 2749; x_wconf 59' lang='lat'><strong>⁴</strong></span> <span class='ocrx_word' id='word_1_222' title='bbox 223 2731 371 2796; x_wconf 84' lang='lat' dir='ltr'><strong>formam</strong></span> <span class='ocrx_word' id='word_1_223' title='bbox 400 2737 522 2801; x_wconf 88' lang='lat' dir='ltr'><strong>eodem</strong></span> <span class='ocrx_word' id='word_1_224' title='bbox 553 2760 655 2802; x_wconf 88' lang='lat' dir='ltr'><strong>sensu</strong></span> <span class='ocrx_word' id='word_1_225' title='bbox 686 2738 851 2824; x_wconf 86' lang='lat' dir='ltr'><strong>usurpari.</strong></span> <span class='ocrx_word' id='word_1_226' title='bbox 904 2737 1028 2822; x_wconf 88' lang='lat' dir='ltr'><strong>Regula</strong></span> <span class='ocrx_word' id='word_1_227' title='bbox 1051 2736 1154 2821; x_wconf 86' lang='lat' dir='ltr'><strong>igitur</strong></span> <span class='ocrx_word' id='word_1_228' title='bbox 1183 2732 1264 2799; x_wconf 86' lang='lat' dir='ltr'><strong>aliter</strong></span> 
     </span>
     <span class='ocr_line' id='line_1_31' title="bbox 225 2821 1264 2907; baseline 0 -26"><span class='ocrx_word' id='word_1_229' title='bbox 225 2821 453 2887; x_wconf 80' lang='lat' dir='ltr'><strong>constituenda</strong></span> <span class='ocrx_word' id='word_1_230' title='bbox 469 2823 565 2886; x_wconf 87' lang='lat' dir='ltr'><strong>estin</strong></span> <span class='ocrx_word' id='word_1_231' title='bbox 585 2823 674 2888; x_wconf 89' lang='lat' dir='ltr'><strong>huno</strong></span> <span class='ocrx_word' id='word_1_232' title='bbox 690 2822 852 2887; x_wconf 29' lang='lat' dir='ltr'><strong>modum..</strong></span> <span class='ocrx_word' id='word_1_233' title='bbox 887 2821 1128 2907; x_wconf 83' lang='lat' dir='ltr'><strong>Interrogativa</strong></span> <span class='ocrx_word' id='word_1_234' title='bbox 1142 2829 1264 2882; x_wconf 87' lang='lat' dir='ltr'><strong>senten·</strong></span> 
     </span>
     <span class='ocr_line' id='line_1_32' title="bbox 224 2904 1270 2995; baseline 0 -29"><span class='ocrx_word' id='word_1_235' title='bbox 224 2904 271 2970; x_wconf 82' lang='lat' dir='ltr'><strong>tia</strong></span> <span class='ocrx_word' id='word_1_236' title='bbox 287 2915 397 2990; x_wconf 84' lang='lat' dir='ltr'><strong>potest</strong></span> <span class='ocrx_word' id='word_1_237' title='bbox 415 2906 445 2969; x_wconf 93' lang='lat' dir='ltr'><strong>in</strong></span> <span class='ocrx_word' id='word_1_238' title='bbox 462 2910 652 2973; x_wconf 79' lang='lat' dir='ltr'><strong>narratione</strong></span> <span class='ocrx_word' id='word_1_239' title='bbox 669 2908 787 2972; x_wconf 87' lang='lat' dir='ltr'><strong>referri</strong></span> <span class='ocrx_word' id='word_1_240' title='bbox 803 2907 925 2995; x_wconf 91' lang='lat' dir='ltr'><strong>duplici</strong></span> <span class='ocrx_word' id='word_1_241' title='bbox 940 2907 1057 2975; x_wconf 83' lang='lat' dir='ltr'><strong>modo.</strong></span> <span class='ocrx_word' id='word_1_242' title='bbox 1072 2915 1138 2969; x_wconf 88' lang='lat' dir='ltr'><strong>aut</strong></span> <span class='ocrx_word' id='word_1_243' title='bbox 1151 2913 1270 2969; x_wconf 79' lang='lat' dir='ltr'><strong>servata</strong></span> 
     </span>
     <span class='ocr_line' id='line_1_33' title="bbox 226 2988 1266 3081; baseline -0.001 -29"><span class='ocrx_word' id='word_1_244' title='bbox 226 2990 497 3075; x_wconf 84' lang='lat' dir='ltr'><strong>interrogationis</strong></span> <span class='ocrx_word' id='word_1_245' title='bbox 513 2993 636 3072; x_wconf 88' lang='lat' dir='ltr'><strong>forma,</strong></span> <span class='ocrx_word' id='word_1_246' title='bbox 663 3015 757 3078; x_wconf 84' lang='lat' dir='ltr'><strong>quae,</strong></span> <span class='ocrx_word' id='word_1_247' title='bbox 782 3014 885 3081; x_wconf 89' lang='lat' dir='ltr'><strong>quum</strong></span> <span class='ocrx_word' id='word_1_248' title='bbox 907 2992 1047 3079; x_wconf 84' lang='lat' dir='ltr'><strong>pendeat</strong></span> <span class='ocrx_word' id='word_1_249' title='bbox 1061 3013 1079 3054; x_wconf 91' lang='lat' dir='ltr'><strong>e</strong></span> <span class='ocrx_word' id='word_1_250' title='bbox 1096 2988 1199 3054; x_wconf 86' lang='lat' dir='ltr'><strong>verbo</strong></span> <span class='ocrx_word' id='word_1_251' title='bbox 1215 2988 1266 3053; x_wconf 88' lang='lat' dir='ltr'><strong>ali-</strong></span> 
     </span>
     <span class='ocr_line' id='line_1_34' title="bbox 226 3075 1267 3165; baseline 0 -28"><span class='ocrx_word' id='word_1_252' title='bbox 226 3092 294 3159; x_wconf 85' lang='lat' dir='ltr'><strong>quo</strong></span> <span class='ocrx_word' id='word_1_253' title='bbox 311 3076 361 3139; x_wconf 84' lang='lat' dir='ltr'><strong>vel</strong></span> <span class='ocrx_word' id='word_1_254' title='bbox 377 3098 533 3163; x_wconf 87' lang='lat' dir='ltr'><strong>expresso</strong></span> <span class='ocrx_word' id='word_1_255' title='bbox 549 3081 600 3143; x_wconf 86' lang='lat' dir='ltr'><strong>vel</strong></span> <span class='ocrx_word' id='word_1_256' title='bbox 618 3078 803 3160; x_wconf 87' lang='lat' dir='ltr'><strong>intellecto,</strong></span> <span class='ocrx_word' id='word_1_257' title='bbox 835 3101 896 3165; x_wconf 86' lang='lat' dir='ltr'><strong>per</strong></span> <span class='ocrx_word' id='word_1_258' title='bbox 913 3078 1163 3142; x_wconf 82' lang='lat' dir='ltr'><strong>coniunctivum</strong></span> <span class='ocrx_word' id='word_1_259' title='bbox 1179 3075 1267 3141; x_wconf 80' lang='lat' dir='ltr'><strong>elicr-</strong></span> 
     </span>
     <span class='ocr_line' id='line_1_35' title="bbox 224 3159 1269 3250; baseline 0.001 -29"><span class='ocrx_word' id='word_1_260' title='bbox 224 3169 297 3233; x_wconf 88' lang='lat' dir='ltr'><strong>tur,</strong></span> <span class='ocrx_word' id='word_1_261' title='bbox 319 3171 373 3224; x_wconf 90' lang='lat' dir='ltr'><strong>aut</strong></span> <span class='ocrx_word' id='word_1_262' title='bbox 390 3162 497 3227; x_wconf 88' lang='lat' dir='ltr'><strong>induit</strong></span> <span class='ocrx_word' id='word_1_263' title='bbox 514 3186 586 3228; x_wconf 89' lang='lat' dir='ltr'><strong>eam</strong></span> <span class='ocrx_word' id='word_1_264' title='bbox 602 3162 768 3242; x_wconf 85' lang='lat' dir='ltr'><strong>formam,</strong></span> <span class='ocrx_word' id='word_1_265' title='bbox 803 3185 869 3250; x_wconf 88' lang='lat' dir='ltr'><strong>qua</strong></span> <span class='ocrx_word' id='word_1_266' title='bbox 891 3161 1071 3229; x_wconf 84' lang='lat' dir='ltr'><strong>infinitivus</strong></span> <span class='ocrx_word' id='word_1_267' title='bbox 1098 3183 1178 3227; x_wconf 89' lang='lat' dir='ltr'><strong>cum</strong></span> <span class='ocrx_word' id='word_1_268' title='bbox 1198 3159 1269 3224; x_wconf 87' lang='lat' dir='ltr'><strong>reli-</strong></span> 
     </span>
     <span class='ocr_line' id='line_1_36' title="bbox 226 3243 1270 3335; baseline 0 -28"><span class='ocrx_word' id='word_1_269' title='bbox 226 3246 299 3330; x_wconf 89' lang='lat' dir='ltr'><strong>quis</strong></span> <span class='ocrx_word' id='word_1_270' title='bbox 317 3246 423 3310; x_wconf 87' lang='lat' dir='ltr'><strong>verbis</strong></span> <span class='ocrx_word' id='word_1_271' title='bbox 445 3268 545 3314; x_wconf 88' lang='lat' dir='ltr'><strong>unam</strong></span> <span class='ocrx_word' id='word_1_272' title='bbox 564 3250 734 3314; x_wconf 86' lang='lat' dir='ltr'><strong>constituit</strong></span> <span class='ocrx_word' id='word_1_273' title='bbox 753 3250 948 3324; x_wconf 86' lang='lat' dir='ltr'><strong>notionem,</strong></span> <span class='ocrx_word' id='word_1_274' title='bbox 976 3251 1063 3335; x_wconf 67' lang='lat' dir='ltr'><strong>‘quae</strong></span> <span class='ocrx_word' id='word_1_275' title='bbox 1088 3247 1142 3311; x_wconf 89' lang='lat' dir='ltr'><strong>vel</strong></span> <span class='ocrx_word' id='word_1_276' title='bbox 1168 3243 1270 3311; x_wconf 90' lang='lat' dir='ltr'><strong>nomi·</strong></span> 
     </span>
     <span class='ocr_line' id='line_1_37' title="bbox 225 3329 1270 3401; baseline 0.003 -9"><span class='ocrx_word' id='word_1_277' title='bbox 225 3331 325 3394; x_wconf 88' lang='lat' dir='ltr'><strong>nativi</strong></span> <span class='ocrx_word' id='word_1_278' title='bbox 344 3331 395 3394; x_wconf 82' lang='lat' dir='ltr'><strong>vel</strong></span> <span class='ocrx_word' id='word_1_279' title='bbox 412 3335 583 3400; x_wconf 89' lang='lat' dir='ltr'><strong>accusativi</strong></span> <span class='ocrx_word' id='word_1_280' title='bbox 599 3336 676 3398; x_wconf 83' lang='lat' dir='ltr'><strong>leco</strong></span> <span class='ocrx_word' id='word_1_281' title='bbox 702 3335 833 3401; x_wconf 87' lang='lat' dir='ltr'><strong>additur</strong></span> <span class='ocrx_word' id='word_1_282' title='bbox 848 3334 957 3398; x_wconf 71' lang='lat' dir='ltr'><strong>verbo</strong></span> <span class='ocrx_word' id='word_1_283' title='bbox 981 3333 1096 3397; x_wconf 84' lang='lat' dir='ltr'><strong>alicui.</strong></span> <span class='ocrx_word' id='word_1_284' title='bbox 1134 3333 1208 3396; x_wconf 90' lang='lat' dir='ltr'><strong>Hoc</strong></span> <span class='ocrx_word' id='word_1_285' title='bbox 1224 3329 1270 3394; x_wconf 82' lang='lat' dir='ltr'><strong>nl·</strong></span> 
     </span>
     <span class='ocr_line' id='line_1_38' title="bbox 226 3417 1296 3507; baseline 0.001 -30"><span class='ocrx_word' id='word_1_286' title='bbox 226 3427 335 3478; x_wconf 83' lang='lat' dir='ltr'><strong>terum</strong></span> <span class='ocrx_word' id='word_1_287' title='bbox 367 3420 470 3504; x_wconf 90' lang='lat' dir='ltr'><strong>magis</strong></span> <span class='ocrx_word' id='word_1_288' title='bbox 499 3422 653 3485; x_wconf 87' lang='lat' dir='ltr'><strong>convenit</strong></span> <span class='ocrx_word' id='word_1_289' title='bbox 687 3420 938 3507; x_wconf 84' lang='lat' dir='ltr'><strong>interrogationi</strong></span> <span class='ocrx_word' id='word_1_290' title='bbox 969 3417 1178 3493; x_wconf 78' lang='lat' dir='ltr'><strong>rhetoricae,</strong></span> <span class='ocrx_word' id='word_1_291' title='bbox 1215 3436 1296 3501; x_wconf 82' lang='lat' dir='ltr'><strong>qus·</strong></span> 
     </span>
     <span class='ocr_line' id='line_1_39' title="bbox 226 3502 1272 3590; baseline 0.003 -29"><span class='ocrx_word' id='word_1_292' title='bbox 226 3502 386 3567; x_wconf 84' lang='lat' dir='ltr'><strong>sententia</strong></span> <span class='ocrx_word' id='word_1_293' title='bbox 417 3505 616 3590; x_wconf 84' lang='lat' dir='ltr'><strong>exprimitur</strong></span> <span class='ocrx_word' id='word_1_294' title='bbox 646 3517 722 3570; x_wconf 86' lang='lat' dir='ltr'><strong>ante</strong></span> <span class='ocrx_word' id='word_1_295' title='bbox 756 3506 823 3569; x_wconf 89' lang='lat' dir='ltr'><strong>iam</strong></span> <span class='ocrx_word' id='word_1_296' title='bbox 858 3516 1035 3590; x_wconf 89' lang='lat' dir='ltr'><strong>occupata,</strong></span> <span class='ocrx_word' id='word_1_297' title='bbox 1077 3521 1272 3588; x_wconf 75' lang='lat' dir='ltr'><strong>quemquam</strong></span> 
     </span>
     <span class='ocr_line' id='line_1_40' title="bbox 227 3586 1272 3678; baseline -0.001 -31"><span class='ocrx_word' id='word_1_298' title='bbox 227 3586 326 3650; x_wconf 86' lang='lat' dir='ltr'><strong>etiam</strong></span> <span class='ocrx_word' id='word_1_299' title='bbox 344 3587 377 3652; x_wconf 87' lang='lat' dir='ltr'><strong>in</strong></span> <span class='ocrx_word' id='word_1_300' title='bbox 395 3611 432 3655; x_wconf 88' lang='lat' dir='ltr'><strong>ea</strong></span> <span class='ocrx_word' id='word_1_301' title='bbox 444 3593 567 3656; x_wconf 82' lang='lat' dir='ltr'><strong>servari</strong></span> <span class='ocrx_word' id='word_1_302' title='bbox 582 3602 694 3678; x_wconf 88' lang='lat' dir='ltr'><strong>potest</strong></span> <span class='ocrx_word' id='word_1_303' title='bbox 703 3591 972 3676; x_wconf 88' lang='lat' dir='ltr'><strong>interrogationis</strong></span> <span class='ocrx_word' id='word_1_304' title='bbox 983 3589 1144 3677; x_wconf 88' lang='lat' dir='ltr'><strong>primaria</strong></span> <span class='ocrx_word' id='word_1_305' title='bbox 1157 3587 1272 3654; x_wconf 82' lang='lat' dir='ltr'><strong>forma.</strong></span> 
     </span>
    </p>
   </div>
   <div class='ocr_carea' id='block_1_6' title="bbox 226 3717 1280 4159">
    <p class='ocr_par' dir='ltr' id='par_1_6' title="bbox 226 3717 1280 4159">
     <span class='ocr_line' id='line_1_41' title="bbox 252 3717 1280 3820; baseline 0 -29"><span class='ocrx_word' id='word_1_306' title='bbox 252 3806 258 3820; x_wconf 21' lang='grc' dir='ltr'><strong><em>ἢ</em></strong></span> <span class='ocrx_word' id='word_1_307' title='bbox 324 3731 342 3767; x_wconf 59' lang='lat' dir='ltr'><strong>t</strong></span> <span class='ocrx_word' id='word_1_308' title='bbox 363 3727 422 3791; x_wconf 85' lang='lat' dir='ltr'><strong>An</strong></span> <span class='ocrx_word' id='word_1_309' title='bbox 446 3753 464 3793; x_wconf 88' lang='lat' dir='ltr'><strong>a</strong></span> <span class='ocrx_word' id='word_1_310' title='bbox 485 3729 626 3797; x_wconf 90' lang='lat' dir='ltr'><strong>librariis</strong></span> <span class='ocrx_word' id='word_1_311' title='bbox 649 3717 745 3818; x_wconf 76' lang='lat' dir='ltr'><strong>saepe</strong></span> <span class='ocrx_word' id='word_1_312' title='bbox 775 3739 1018 3803; x_wconf 81' lang='lat' dir='ltr'><strong>commutatum</strong></span> <span class='ocrx_word' id='word_1_313' title='bbox 1042 3738 1090 3792; x_wconf 89' lang='lat' dir='ltr'><strong>est</strong></span> <span class='ocrx_word' id='word_1_314' title='bbox 1107 3750 1185 3792; x_wconf 90' lang='lat' dir='ltr'><strong>cum</strong></span> <span class='ocrx_word' id='word_1_315' title='bbox 1210 3736 1280 3792; x_wconf 66' lang='lat' dir='ltr'><strong>ast.</strong></span> 
     </span>
     <span class='ocr_line' id='line_1_42' title="bbox 228 3805 1274 3897; baseline 0.001 -23"><span class='ocrx_word' id='word_1_316' title='bbox 228 3805 482 3879; x_wconf 76' lang='lat' dir='ltr'><strong>ud.1)raksnb.</strong></span> <span class='ocrx_word' id='word_1_317' title='bbox 509 3817 548 3879; x_wconf 90' lang='lat' dir='ltr'><strong>ad</strong></span> <span class='ocrx_word' id='word_1_318' title='bbox 571 3817 641 3880; x_wconf 90' lang='lat' dir='ltr'><strong>Liv.</strong></span> <span class='ocrx_word' id='word_1_319' title='bbox 658 3820 699 3897; x_wconf 84' lang='lat'><strong>5,</strong></span> <span class='ocrx_word' id='word_1_320' title='bbox 723 3822 763 3887; x_wconf 87' lang='grc'><strong>8.</strong></span> <span class='ocrx_word' id='word_1_321' title='bbox 788 3821 838 3883; x_wconf 82' lang='lat'><strong>7..</strong></span> <span class='ocrx_word' id='word_1_322' title='bbox 855 3813 1020 3881; x_wconf 83' lang='lat' dir='ltr'><strong>Schwarz.</strong></span> <span class='ocrx_word' id='word_1_323' title='bbox 1039 3813 1080 3879; x_wconf 92' lang='lat' dir='ltr'><strong>ad</strong></span> <span class='ocrx_word' id='word_1_324' title='bbox 1099 3814 1184 3878; x_wconf 89' lang='lat' dir='ltr'><strong>Plin.</strong></span> <span class='ocrx_word' id='word_1_325' title='bbox 1203 3815 1274 3878; x_wconf 91' lang='lat' dir='ltr'><strong>Pau.</strong></span> 
     </span>
     <span class='ocr_line' id='line_1_43' title="bbox 254 3900 1277 3967; baseline 0.003 -10"><span class='ocrx_word' id='word_1_326' title='bbox 254 3900 353 3960; x_wconf 72' lang='lat'><strong>‚304.</strong></span> <span class='ocrx_word' id='word_1_327' title='bbox 378 3902 451 3963; x_wconf 76' lang='lat'><strong>432.</strong></span> <span class='ocrx_word' id='word_1_328' title='bbox 473 3904 547 3966; x_wconf 84' lang='lat'><strong>578.</strong></span> <span class='ocrx_word' id='word_1_329' title='bbox 579 3903 694 3967; x_wconf 92' lang='lat' dir='ltr'><strong>Burm.</strong></span> <span class='ocrx_word' id='word_1_330' title='bbox 713 3904 752 3966; x_wconf 90' lang='lat' dir='ltr'><strong>ad</strong></span> <span class='ocrx_word' id='word_1_331' title='bbox 775 3900 889 3966; x_wconf 88' lang='lat' dir='ltr'><strong>Claud.</strong></span> <span class='ocrx_word' id='word_1_332' title='bbox 906 3901 959 3965; x_wconf 92' lang='lat' dir='ltr'><strong>Vl.</strong></span> <span class='ocrx_word' id='word_1_333' title='bbox 980 3901 1080 3964; x_wconf 91' lang='lat' dir='ltr'><strong>Cons.</strong></span> <span class='ocrx_word' id='word_1_334' title='bbox 1100 3900 1277 3964; x_wconf 74' lang='lat' dir='ltr'><strong>Hon.192.</strong></span> 
     </span>
     <span class='ocr_line' id='line_1_44' title="bbox 226 3915 1278 4078; baseline 0.003 -35"><span class='ocrx_word' id='word_1_335' title='bbox 226 3915 352 4078; x_wconf 73' lang='lat' dir='ltr'><strong>interp.</strong></span> <span class='ocrx_word' id='word_1_336' title='bbox 371 3984 410 4047; x_wconf 89' lang='lat' dir='ltr'><strong>ad</strong></span> <span class='ocrx_word' id='word_1_337' title='bbox 425 3986 556 4052; x_wconf 84' lang='lat' dir='ltr'><strong>Sallust.</strong></span> <span class='ocrx_word' id='word_1_338' title='bbox 580 3987 651 4072; x_wconf 88' lang='lat' dir='ltr'><strong>lug.</strong></span> <span class='ocrx_word' id='word_1_339' title='bbox 671 3988 723 4051; x_wconf 80' lang='lat'><strong>46.</strong></span> <span class='ocrx_word' id='word_1_340' title='bbox 752 3984 917 4054; x_wconf 86' lang='lat' dir='ltr'><strong>interdurn</strong></span> <span class='ocrx_word' id='word_1_341' title='bbox 936 4008 1013 4050; x_wconf 87' lang='lat' dir='ltr'><strong>curn</strong></span> <span class='ocrx_word' id='word_1_342' title='bbox 1028 4009 1080 4049; x_wconf 85' lang='lat' dir='ltr'><strong>ac.</strong></span> <span class='ocrx_word' id='word_1_343' title='bbox 1115 3983 1278 4048; x_wconf 83' lang='lat' dir='ltr'><strong>Schwara.</strong></span> 
     </span>
     <span class='ocr_line' id='line_1_45' title="bbox 230 4063 1277 4159; baseline 0.004 -31"><span class='ocrx_word' id='word_1_344' title='bbox 230 4063 272 4129; x_wconf 84' lang='lat' dir='ltr'><strong>ad</strong></span> <span class='ocrx_word' id='word_1_345' title='bbox 291 4067 470 4135; x_wconf 89' lang='lat' dir='ltr'><strong>le..Pan.</strong></span> <span class='ocrx_word' id='word_1_346' title='bbox 486 4096 521 4159; x_wconf 88' lang='lat' dir='ltr'><strong>p.</strong></span> <span class='ocrx_word' id='word_1_347' title='bbox 540 4079 615 4139; x_wconf 76' lang='lat'><strong>270.</strong></span> <span class='ocrx_word' id='word_1_348' title='bbox 638 4076 714 4140; x_wconf 82' lang='lat'><strong>285.</strong></span> <span class='ocrx_word' id='word_1_349' title='bbox 737 4072 854 4140; x_wconf 81' lang='lat' dir='ltr'><strong>Critici</strong></span> <span class='ocrx_word' id='word_1_350' title='bbox 874 4072 916 4139; x_wconf 89' lang='lat' dir='ltr'><strong>ad</strong></span> <span class='ocrx_word' id='word_1_351' title='bbox 932 4075 1014 4138; x_wconf 89' lang='lat' dir='ltr'><strong>Stat.</strong></span> <span class='ocrx_word' id='word_1_352' title='bbox 1032 4069 1113 4155; x_wconf 81' lang='lat' dir='ltr'><strong>Silv.</strong></span> <span class='ocrx_word' id='word_1_353' title='bbox 1130 4073 1164 4154; x_wconf 78' lang='lat'><strong>4,</strong></span> <span class='ocrx_word' id='word_1_354' title='bbox 1180 4074 1212 4154; x_wconf 84' lang='lat'><strong>6,</strong></span> <span class='ocrx_word' id='word_1_355' title='bbox 1228 4072 1277 4134; x_wconf 75' lang='lat' dir='ltr'><strong>ts.</strong></span> 
     </span>
    </p>
   </div>
   <div class='ocr_carea' id='block_1_7' title="bbox 0 0 1340 4770">
    <p class='ocr_par' dir='ltr' id='par_1_7' title="bbox 0 0 1340 4770">
     <span class='ocr_line' id='line_1_46' title="bbox 0 0 1340 4770; baseline 0 0"><span class='ocrx_word' id='word_1_356' title='bbox 0 0 1340 4770; x_wconf 95' lang='lat' dir='ltr'><strong> </strong></span> 
     </span>
    </p>
   </div>
  </div>
 </body>
</html>
