2618 4770
230 345 297 417 ,scs
662 326 833 405 avreu.
924 422 927 427 ¹

230 493 441 563 tribuendam
456 491 592 579 putarit.
629 480 717 556 'vide
734 512 810 556 eum
827 489 869 555 nd
885 488 954 555 cte.
970 487 1012 553 de
1027 489 1100 554 Fin.
1120 489 1154 570 3,
1178 490 1210 565 ὅ,
1231 496 1268 558 id

230 605 265 671 p.
281 586 357 648 329.
379 586 417 650 3.
446 583 501 659 17,
523 581 575 643 58.
598 597 631 663 p.
650 580 724 642 386.
767 576 1042 662 Atcousequutio
1067 577 1104 649 in
1126 576 1168 639 iis
1191 577 1268 658 locis,

231 690 316 754 quos
335 664 657 825 winterpretatur,
681 683 752 726 non
772 662 915 735 aliaest,
941 682 1041 746 quam
1059 683 1145 747 quae
1170 662 1203 725 in
1227 686 1268 726 ra·

171 781 175 787 ·
229 755 331 817 tiocin
403 772 444 813 ne
465 771 526 836 per
548 767 633 810 nova
656 758 856 833 argumenta
872 745 912 808 nd
936 756 1122 811 extremam
1147 747 1269 811 conclu·

229 839 360 903 sionem
384 834 607 925 progreditur.
660 832 742 897 Eam
772 831 1033 918 assumptionem
1064 842 1158 895 recte
1187 852 1269 907 voca-

228 947 315 991 mus.
360 921 400 987 In
422 918 557 1008 apodosi
573 938 653 983 vero
673 917 782 981 nullus
793 927 847 981 ‘est
862 915 958 980 huius
972 917 1157 1005 particulae
1174 938 1269 985 usus.-

332 1043 418 1096 Pleut.
441 1037 523 1091 Stich·
548 1034 581 1103 5,
603 1034 638 1103 4,
662 1034 705 1089 50.
726 1056 831 1091 ntecum
847 1033 894 1092 abt
913 1048 973 1102 est,
997 1047 1087 1091 tecum
1108 1049 1154 1092 est
1172 1047 1268 1094 mouns

297 1111 386 1182 tecum
405 1122 452 1179 uti
471 1133 566 1176 autem
582 1134 641 1188 est,
669 1141 773 1177 mecam
798 1119 950 1177 titanum
967 1133 1027 1179 cst.-
1052 1133 1152 1178 neuter
1171 1125 1223 1176 utri
1236 1127 1268 1177 iu·

295 1211 384 1271 videt.
418 1209 620 1278 Corruptionem
636 1209 722 1278 ipsum
744 1216 856 1261 metrum
876 1210 976 1278 prodit.
1017 1210 1132 1263 Bothius
1156 1209 1267 1261 audacter

295 1296 422 1348 coniecit:
447 1314 551 1348 mecum
568 1293 670 1349 ibidem
685 1304 746 1349 este
768 1297 860 1349 neutri
874 1303 968 1349 nemer
984 1293 1103 1348 invidet.
1142 1295 1266 1346 Editiones

294 1379 490 1450 antiquissimae
508 1390 596 1434 tecum
613 1389 706 1434 aetem
724 1376 772 1435 ubi
786 1390 846 1445 est,
868 1397 972 1432 mecum
989 1389 1085 1435 autem
1100 1375 1144 1434 ibt
1161 1389 1211 1433 est.

296 1501 363 1563 ·14.
396 1499 559 1563 Graecum
584 1497 617 1561 δέ
632 1496 669 1562 in
693 1495 833 1584 epodosi
850 1498 935 1584 poni
950 1514 1039 1563 nuno
1055 1499 1266 1564 inter-omnes

225 1584 303 1649 satis
324 1595 472 1664 constat,
495 1594 527 1647 et
544 1584 673 1670 optime
687 1604 728 1647 ex
755 1583 876 1647 ositum
898 1593 947 1647 est
969 1584 1217 1651 u·Buttmanuo
1237 1585 1267 1647 iu

224 1668 375 1735 Excursu
391 1669 430 1734 ad
448 1668 624 1743 Demosth.
648 1669 684 1733 iu
700 1605 782 1733 idid.
807 1691 842 1755 p.
863 1668 954 1750 152,
996 1667 1143 1733 latinum
1162 1680 1265 1735 autem

224 1755 344 1841 eodem
365 1755 469 1819 modo
491 1754 660 1842 usurpari,
688 1752 754 1818 duo
777 1752 971 1819 exstiterunt
988 1765 1162 1836 auctores,
1184 1756 1286 1825 Goe·.

223 1841 356 1907 reuzius
372 1851 405 1904 et
422 1841 618 1920 Creuzerus‚
638 1839 694 1903 ille
709 1837 749 1902 ad
770 1838 839 1903 Cic.
856 1838 903 1903 ‘de
920 1839 992 1907 Flu.
1017 1844 1057 1920 3,
1082 1845 1143 1923 18,
1166 1841 1264 1911 69cin

224 1927 484 2013 consequutione
500 1925 695 2012 particulam
712 1924 797 2010 poni
810 1922 996 2006 affirmans,
1015 1924 1071 1989 hic
1094 1927 1133 1991 in
1157 1924 1264 1991 defen·

225 2012 333 2076 denda
348 2012 512 2098 scriptura
529 2010 650 2085 codicis
669 2009 735 2074 Cic.
753 2008 794 2074 de
810 2009 894 2096 Rep·
916 2015 951 2089 1,
973 2010 1027 2075 4'2.
1041 2014 1217 2098 tamquam
1231 2010 1264 2077 do'

222 2098 336 2186 regula
353 2108 451 2161 certa.
473 2095 675 2162 Goerenzius
692 2116 771 2160 vero
788 2115 892 2181 quum
906 2095 1015 2177 addit,
1032 2109 1153 2168 autem
1168 2096 1262 2163 etiarn

222 2193 341 2249 nostro
351 2180 582 2275 serpet-‘angle
603 2180 820 2266 respondere,
837 2181 1035 2263 nescimus,
1069 2203 1139 2268 quo
1166 2188 1276 2261 seusu,

224 2290 334 2356 quove
349 2266 577 2333 membrorum
587 2265 896 2331 ordineorationem
912 2268 1180 2355 constituendam
1197 2291 1261 2331 ceu·

223 2354 335 2419 suerit.
381 2355 590 2438 Quamquam
607 2351 707 2437 igitur
725 2350 777 2432 id,
794 2351 886 2438 quod
903 2348 1033 2425 Graecis
1051 2353 1186 2440 placuit,
1203 2375 1261 2416 uon

222 2463 242 2504 e
257 2450 373 2502 natura
388 2437 508 2501 latinae
523 2434 719 2523 particulae,
743 2437 892 2502 adversas
910 2460 962 2502 res
981 2436 1196 2526 designantis,
1213 2439 1261 2502 ab·

221 2521 400 2602 horrebat,
421 2532 534 2586 tamen
549 2544 618 2585 non
635 2521 671 2585 in
683 2543 780 2587 usum
802 2532 972 2610 receptum
998 2534 1068 2605 est,
1094 2545 1159 2589 neo
1184 2535 1259 2589 certa

220 2606 318 2673 huius
334 2607 486 2672 dictionis
502 2604 652 2696 exempla
665 2628 804 2695 usquam
819 2609 1038 2701 reperiuntur.
1089 2610 1092 2615 ’

324 2729 380 2781 Cic.
398 2729 430 2782 de
448 2730 507 2796 Fiu.
524 2729 557 2807 8,
577 2727 625 2793 18,
642 2727 685 2779 59.
709 2731 840 2802 quoniam
864 2731 936 2783 enim
962 2714 1091 2784 uidemus
1109 2749 1172 2785 este
1191 2729 1260 2806 quid·

289 2813 374 2878 dam,
402 2812 477 2886 quod
494 2810 690 2883 rectefactum
712 2812 907 2885 appellemus:
934 2813 1086 2871 itanum
1109 2828 1155 2870 est
1176 2811 1260 2889 perfa-

289 2909 362 2954 ctam
380 2893 528 2975 officium.-
551 2903 602 2954 erit
623 2909 718 2954 autem
742 2903 826 2954 etiam
853 2899 1020 2954 inchoatum.
1055 2896 1177 2955 'Bremius
1196 2912 1259 2954 recte

286 2985 427 3049 intellexit,
440 2985 519 3037 verba
537 2983 567 3039 id
581 2995 674 3039 autem
687 2996 730 3040 est
746 3004 776 3056 p.
793 2984 845 3058 off.
861 2986 1012 3059 parenthesi
1023 2988 1177 3062 contineri,
1194 3003 1260 3058 quam

270 3110 272 3114 -
288 3070 412 3140 quoniam
429 3087 483 3121 non
500 3070 632 3138 cognitam
646 3070 797 3134 habebunt,
816 3072 937 3137 librarii,
955 3083 985 3124 ut
1006 3091 1085 3141 saepe
1101 3074 1202 3125 factum
1218 3081 1259 3134 est,

288 3157 401 3208 alterum
427 3164 519 3208 autem
546 3155 710 3207 inserebant:
738 3173 789 3224 quo
817 3155 912 3207 omisso
929 3157 1001 3208 redit
1014 3158 1104 3209 ,totius
1123 3158 1179 3209 loci
1195 3159 1258 3208 inte·

286 3241 381 3309 gritas.
410 3230 471 3291 lloc
494 3240 670 3315 probaverunt
686 3240 840 3302 Lambinus,
862 3241 1015 3308 Ernestius,
1034 3243 1145 3294 Beierus
1164 3243 1198 3295 ad
1214 3243 1260 3293 Cic.

257 3304 269 3325 ⁰
285 3327 338 3378 off.
356 3327 432 3377 Tom.
452 3324 476 3374 1.
501 3343 527 3392 p.
547 3323 590 3375 20.
615 3334 644 3376 et
665 3342 749 3395 nuper
774 3325 921 3394 Madvigius
940 3327 969 3378 in
992 3313 1186 3398 Emendat-p.
1207 3325 1260 3380 142.

286 3413 341 3464 Cic.
363 3411 396 3487 de
421 3413 486 3478 Rep.
513 3410 544 3474 1,
570 3408 614 3461 42.
641 3413 668 3464 si
692 3409 804 3484 quando
821 3421 873 3485 apt
896 3415 956 3482 regi
972 3415 1047 3467 iusto
1065 3414 1124 3467 vim
1142 3412 1260 3485 populns

285 3493 431 3559 attulerit,
450 3512 570 3564 regnove
586 3513 648 3548 eum
668 3497 821 3566 spoliavit,
849 3500 1002 3551 autetiam
1022 3498 1054 3554 td
1079 3499 1158 3577 quod
1174 3502 1261 3554 evenit

286 3584 414 3646 saepius,
444 3582 624 3651 optimatium
639 3584 801 3655 sanguinem
816 3584 958 3655 gustavit,
976 3601 1010 3659 ac
1030 3594 1122 3636 totam
1139 3605 1197 3639 rem
1214 3601 1261 3655 pu·

231 3765 236 3774 ·
285 3748 377 3804 ullum
394 3760 444 3802 aut
457 3747 605 3822 flammam
628 3768 688 3805 esse
707 3760 831 3816 tantam,
856 3769 939 3823 quam
959 3769 1015 3804 nou
1026 3749 1152 3822 facilius
1170 3756 1208 3806 sit
1224 3771 1260 3806 se-

283 3833 452 3907 darequam
470 3833 633 3908 effrenatam
652 3834 802 3890 insolentia
821 3834 1036 3894 multitudinem.
1070 3839 1201 3906 Equidem
1218 3840 1259 3890 iu·

285 3929 355 3984 teor,
371 3939 413 3972 me
431 3926 556 3990 nusquam
572 3916 702 3973 invenisse
720 3906 824 3973 niodum
840 3921 922 3989 magis
936 3940 1095 3992 perversum,
1112 3940 1193 3993 quam
1211 3940 1260 3992 quo

282 4006 426 4059 Greuzerus
445 4007 514 4058 hunc
527 3995 617 4057 locum
636 4007 769 4058 tractavit.
805 4007 873 4058 Nam
890 4000 1045 4078 descriptii,
1069 4024 1133 4075 quas
1155 4009 1184 4060 iu
1202 4009 1259 4060 col·

283 4091 411 4143 lectaueis
429 4091 463 4142 ad
481 4108 538 4143 voc.
554 4100 648 4144 autem
664 4099 770 4142 notatas
788 4070 916 4160 helmet,
931 4092 1162 4146 observationibus
1180 4109 1258 4164 pror-

283 4185 326 4229 sus‘
349 4176 443 4231 olienis
471 4176 510 4245 (iu
534 4176 629 4248 quibus
648 4174 788 4231 Goerencii
811 4186 902 4231 notum
923 4177 959 4232 ed
981 4177 1039 4236 cic.
1054 4177 1136 4233 Aced.
1155 4198 1183 4251 p.
1203 4177 1260 4233 tto
