2618 4770
218 313 283 381 668
643 308 809 380 h‘VPEM.

304 472 338 534 8.
372 468 411 533 ln
434 468 605 535 sententiis
629 480 692 555 p'er
712 478 829 534 eutem
851 464 1013 555 opp'ositis
1028 488 1144 555 saepe
1167 465 1264 544 fit,at

220 551 259 617 in
273 554 503 642 prosequenda
517 555 801 622 demonstratione
815 576 884 618 non
900 553 1004 618 modo
1018 552 1127 618 idem·
1138 553 1266 623 vocabo
1299 599 1303 605 -

220 636 294 702 lum
334 638 397 705 alia
412 643 541 707 ratione
563 639 725 721 subiecta,
751 641 874 704 iterum
897 620 1266 788 perstatim—clii·

220 721 235 788 i
264 769 275 798 ,
301 724 392 811 quod
408 725 448 791 ab
464 727 562 791 altera
584 737 679 811 parte
703 747 794 790 consi
819 747 895 789 eran
921 745 1059 805 um,1n
1075 725 1267 789 anteceden-

221 807 308 873 tibus
321 811 389 875 iam
406 822 705 878 commemoratum
732 811 792 892 sit,
817 821 913 897 atque
933 831 974 874 ex
989 811 1103 896 priori
1116 811 1266 876 sententia

220 895 387 980 posterior
403 898 537 983 prodire
551 896 718 962 videatur:
743 917 809 984 quo
831 896 980 960 innexu
1005 894 1129 960 eadem
1155 918 1209 960 res
1229 896 1265 961 bie

1299 917 1303 979 t

219 983 424 1057 nominetur.
474 983 571 1048 Vnde
601 981 843 1048 Ramshornius
864 983 1016 1062 Gramm.
1037 1003 1074 1066 p.
1099 981 1178 1047 541.
1200 982 1263 1047 uni-
1300 992 1303 1040 ί

207 1083 354 1130 -versum
380 1079 595 1166 praeceptum
617 1066 688 1131 hoc
720 1066 871 1133 tradidit:
902 1065 1086 1153 particulae
1109 1068 1181 1132 vim
1209 1089 1264 1132 esse
1297 1085 1303 1125 1

133 1151 135 1154 ’
220 1169 321 1214 unam
338 1161 369 1215 et
384 1173 571 1238 propriam,
589 1163 626 1217 ut
638 1153 732 1216 notio
753 1152 860 1239 alique
874 1162 948 1215 ante
962 1152 1142 1238 proposita
1154 1153 1263 1218 iterun

131 1262 135 1275 ¹
219 1235 420 1322 excipiatur,
446 1248 478 1302 et
500 1239 616 1304 eadem
629 1239 785 1324 cogitatio
801 1261 860 1324 per
885 1235 981 1301 aliam
1004 1238 1206 1302 sententiam
1228 1261 1260 1304 ex
1299 1257 1303 1292 ·¹

111 1374 120 1383 .
220 1319 322 1386 altera
335 1319 468 1406 quidem
488 1335 579 1410 parte
592 1333 837 1411 promoveatur.
881 1322 983 1402 Quod
998 1323 1027 1388 ei
1042 1323 1088 1387 de
1102 1334 1191 1388 certa
1213 1325 1260 1389 ali·

220 1424 284 1500 qua
301 1408 407 1492 speeie
422 1407 547 1475 dictum
571 1419 672 1489 esset,
699 1407 834 1494 probari
851 1408 994 1473 deberet.
1039 1409 1085 1476 At
1099 1410 1162 1473 ista
1179 1433 1258 1495 repe·

218 1490 293 1554 atio
312 1492 455 1559 eiusdem
478 1495 624 1561 notionis
648 1516 723 1558 cum
746 1493 924 1643 particulae
946 1503 1067 1558 natura
1090 1496 1258 1581 appositiva

217 1595 289 1638 non
305 1579 415 1643 minus
434 1581 585 1645 convenit
600 1601 698 1665 quarn
715 1580 841 1665 reique
857 1579 979 1656 omnia,
997 1599 1110 1666 neque
1125 1583 1160 1644 in
1176 1580 1258 1644 istam

219 1661 430 1746 opinionem,
450 1676 551 1752 puto,
571 1665 621 1729 vir
648 1665 856 1729 doctissimus
880 1662 1066 1739 incidisset,
1092 1664 1157 1728 nisi
1179 1676 1259 1730 antea

218 1746 382 1834 originem
401 1771 443 1813 ex
461 1743 512 1829 αὖ,
533 1772 660 1825 mereris,
682 1750 860 1814 derivatam
884 1746 946 1811 sibi
963 1747 1193 1815 informasset.
1231 1751 1260 1814 si

213 1833 350 1925 ‘quando
367 1832 455 1899 idem
470 1834 608 1900 verbum
624 1836 743 1900 iterum
763 1832 955 1922 ponendum
970 1844 1030 1912 eet,
1054 1834 1258 1922 distinguitur

216 1936 277 2002 per
290 1931 422 2000 autem,
448 1930 563 2006 utpote
578 1921 620 1985 ad
639 1921 774 1985 alterurn
794 1929 925 2007 partem
938 1919 1131 2002 pertinens,
1151 1921 1211 1998 ita,
1228 1930 1260 1984 ut

218 2000 259 2064 ab
291 2003 403 2068 eadem
436 2007 574 2072 notione
604 2028 690 2070 nova
724 2007 859 2093 incipiet
884 2004 1052 2088 cogitatio.
1096 2005 1154 2070 ·Ita
1171 2027 1259 2092 saepe

212 2087 319 2157 ‚etiam
333 2112 385 2154 res
402 2101 496 2157 antea
510 2093 698 2169 nominata,
720 2092 777 2157 sed
792 2089 930 2179 propius
947 2090 1014 2153 iam
1027 2101 1191 2177 spectata,
1207 2112 1258 2178 per

215 2182 333 2268 agitem
349 2175 545 2323 dpstinctiori
564 2177 776 2246 declarationi
795 2175 1029 2253 committitur,
1054 2174 1116 2242 nbi
1137 2199 1200 2242 nos
1214 2175 1257 2242 di·

212 2277 323 2324 cimus
339 2285 362 2324 a
385 2283 432 2325 er.
495 2291 500 2298 ·

1298 1171 1303 1234 l

329 2380 384 2430 Cic.
403 2381 432 2431 in
444 2382 496 2433 Pis.
515 2380 568 2446 38,
583 2379 626 2433 94.
643 2381 788 2436 admoneri
805 2398 849 2435 me
862 2378 932 2434 satir
945 2370 1011 2435 eet.¹
1030 2379 1204 2437 Admonebit
1218 2400 1259 2434 an·
1301 2430 1303 2451 ,

283 2472 341 2516 tem
357 2483 437 2519 nenio
456 2466 530 2520 alius
550 2469 605 2520 nisi
625 2465 815 2540 reipublicae
841 2477 957 2537 tempus.
992 2464 1064 2520 Phil.
1085 2461 1258 2530 11,10,2t.
1301 2462 1303 2468 '

280 2542 353 2599 nane
373 2550 449 2619 quod
468 2552 565 2621 agitur
581 2571 705 2625 agamus.
739 2554 842 2626 flgitur
859 2561 970 2619 autem,
993 2549 1114 2607 liberine
1130 2555 1258 2616 vimus,

281 2650 320 2685 an
340 2646 455 2689 mortem
473 2634 614 2692 obeamus.

326 2755 359 2804 in
384 2757 503 2810 oratioue
530 2756 709 2812 vehementiae
734 2757 848 2810 excitata
872 2765 965 2809 autem
987 2753 1124 2823 particula
1140 2751 1259 2807 vocabulo

281 2835 378 2890 iterum
404 2842 492 2908 posito
520 2843 595 2895 addit
618 2845 715 2897 lumen.
750 2842 827 2905 Quod
842 2840 997 2912 praesertim
1021 2839 1054 2890 fit
1077 2839 1110 2891 in
1135 2841 1259 2892 exclama-

278 2919 361 2974 tione.
396 2925 480 2977 Plaut.
496 2926 553 2979 Mil.
571 2926 605 2991 3,
625 2928 659 2994 1,
676 2927 720 2982 84.
745 2925 851 2980 liberae
867 2924 965 2985 aedes,
993 2921 1064 2978 liber
1089 2943 1156 2978 sum
1174 2935 1260 2978 autem

211 2997 216 3007 ⁴
277 3023 351 3076 ego:
368 3027 411 3062 me
428 3011 473 3061 uti
491 3010 557 3062 velo
579 3007 672 3065 libere.
700 3013 782 3063 Mero.
800 3012 834 3075 2,
851 3010 885 3076 2,
902 3008 945 3061 48.
963 3009 1017 3061 vid.
1036 3028 1064 3078 p.
1083 3007 1149 3064 563.
1175 3009 1259 3064 Pseud.

278 3086 312 3155 4,
328 3091 362 3158 8,
379 3093 404 3145 1.
420 3093 488 3148 bene
508 3113 559 3167 ego
579 3094 660 3149 illam
677 3097 773 3166 tetigi,
801 3091 870 3169 hene
892 3104 985 3147 antem
1003 3111 1101 3146 servos
1123 3091 1258 3146 inimicam

277 3193 366 3230 snum.
400 3180 481 3233 Stich.
508 3181 540 3244 1,
564 3179 599 3245 3,
625 3179 668 3231 68.
695 3188 763 3250 quot
787 3182 918 3249 potiones
942 3177 1026 3231 mulsi
1034 3179 1047 3228 Ι
1076 3186 1150 3249 quot
1173 3173 1260 3230 autem

276 3261 419 3330 prandia!
444 3267 506 3316 Non
521 3265 599 3316 aliter
615 3263 693 3333 Epid.
713 3262 739 3328 6,
757 3264 783 3328 2,
802 3263 828 3314 6.
847 3273 915 3334 quot
933 3262 993 3317 illic
1010 3260 1096 3315 hodie
1112 3280 1158 3315 me
1175 3279 1258 3315 exem·

275 3342 335 3414 plis
353 3345 540 3418 ludificatu'st
564 3361 647 3421 atque
665 3351 713 3401 te!
738 3358 769 3399 at
795 3345 857 3401 illie
881 3359 974 3402 antem
997 3350 1175 3401 exenteravit
1195 3343 1260 3398 mihi

276 3445 347 3499 opes
373 3423 567 3504 argentarias!
594 3436 648 3486 Cic.
673 3435 753 3485 Tusc.
779 3429 813 3498 5,
839 3433 891 3497 20,
917 3432 960 3484 57.
981 3450 1036 3504 qaia
1054 3428 1260 3502 pulchritudine

277 3512 370 3572 urben:
380 3556 387 3582 ,
407 3515 505 3588 quibus
522 3527 618 3570 autem
635 3512 736 3590 opibus
754 3515 933 3587 praeditam,
951 3519 1085 3570 servitute
1098 3532 1260 3586 oppressam

274 3602 364 3654 tenuit
382 3605 533 3658 civitatem.
568 3605 697 3655 Graecum
719 3621 792 3654 usum
822 3600 967 3672 particulae
996 3596 1030 3656 δέ
1054 3599 1176 3651 illustrat
1191 3601 1259 3653 Mat-

272 3682 348 3736 thiae
364 3687 393 3737 in
410 3690 527 3740 Gramm.
546 3707 572 3757 p.
591 3685 668 3740 1245.
690 3689 753 3753 edit.
773 3705 827 3741 sec.

304 3803 428 3857 Dukrrus
443 3808 479 3862 in.
489 3807 548 3861 Lir.
563 3804 614 3872 24,
630 3803 681 3872 47,
699 3806 724 3856 5.
740 3806 881 3875 legendum
898 3819 954 3855 esse
970 3801 1104 3854 coniecit:
1122 3819 1210 3876 qnam
1226 3796 1258 3855 ob

272 3903 377 3941 aonam
401 3893 609 3956 Romanorum,
638 3888 713 3963 quod
739 3901 833 3946 autem
858 3890 987 3942 meritam
1009 3887 1207 3942 Romanorum
1224 3909 1255 3925 ··

271 3997 307 4016 ι-
326 3970 430 4030 tellum
447 3988 580 4049 gererent.
614 3976 692 4046 idque
709 3978 811 4046 recepit
827 3973 970 4027 strothius.
1005 3971 1123 4059 {similem
1140 3981 1257 4025 structu-

269 4073 325 4110 ram
342 4061 464 4128 equidem
484 4079 611 4130 nusquam
629 4050 738 4133 ‘repepiz
766 4080 832 4132 quae
857 4060 977 4114 Dukerus
1001 4056 1097 4126 affert,
1126 4056 1256 4111 dissimil-

213 4141 222 4189 .’
273 4140 337 4196 lima
354 4134 423 4199 suat.
458 4147 511 4200 sed
527 4147 580 4203 rid.
595 4166 622 4225 p.
640 4142 700 4213 555,
