<?xml version="1.0" encoding="UTF-8"?>
<!DOCTYPE html PUBLIC "-//W3C//DTD XHTML 1.0 Transitional//EN"
    "http://www.w3.org/TR/xhtml1/DTD/xhtml1-transitional.dtd">
<html xmlns="http://www.w3.org/1999/xhtml" xml:lang="en" lang="en">
 <head>
  <title>
</title>
<meta http-equiv="Content-Type" content="text/html;charset=utf-8" />
  <meta name='ocr-system' content='tesseract 3.04.00' />
  <meta name='ocr-capabilities' content='ocr_page ocr_carea ocr_par ocr_line ocrx_word'/>
</head>
<body>
  <div class='ocr_page' id='page_1' title='image "./tursellinusseud03handgoog_0417.png"; bbox 0 0 2618 4770; ppageno 0'>
   <div class='ocr_carea' id='block_1_1' title="bbox 140 305 804 392">
    <p class='ocr_par' dir='ltr' id='par_1_1' title="bbox 140 305 804 392">
     <span class='ocr_line' id='line_1_1' title="bbox 140 305 804 392; baseline -0.002 -17"><span class='ocrx_word' id='word_1_1' title='bbox 140 310 204 377; x_wconf 78' lang='lat'><strong>398</strong></span> <span class='ocrx_word' id='word_1_2' title='bbox 533 305 804 392; x_wconf 74' lang='lat' dir='ltr'><strong>tN&#39;rEvat..</strong></span> 
     </span>
    </p>
   </div>
   <div class='ocr_carea' id='block_1_2' title="bbox 62 440 1203 987">
    <p class='ocr_par' dir='ltr' id='par_1_2' title="bbox 62 440 1203 987">
     <span class='ocr_line' id='line_1_2' title="bbox 226 440 1148 564; baseline 0.002 -36"><span class='ocrx_word' id='word_1_3' title='bbox 226 440 309 542; x_wconf 73' lang='lat' dir='ltr'><strong>Res,</strong></span> <span class='ocrx_word' id='word_1_4' title='bbox 329 464 381 527; x_wconf 91' lang='lat' dir='ltr'><strong>cni</strong></span> <span class='ocrx_word' id='word_1_5' title='bbox 398 464 459 529; x_wconf 88' lang='lat' dir='ltr'><strong>alia</strong></span> <span class='ocrx_word' id='word_1_6' title='bbox 474 464 640 553; x_wconf 82' lang='lat' dir='ltr'><strong>praecedit</strong></span> <span class='ocrx_word' id='word_1_7' title='bbox 649 507 659 541; x_wconf 83' lang='lat'><strong>,</strong></span> <span class='ocrx_word' id='word_1_8' title='bbox 691 470 746 528; x_wconf 87' lang='lat' dir='ltr'><strong>aut</strong></span> <span class='ocrx_word' id='word_1_9' title='bbox 761 459 833 550; x_wconf 88' lang='lat' dir='ltr'><strong>ipsa</strong></span> <span class='ocrx_word' id='word_1_10' title='bbox 850 470 991 549; x_wconf 84' lang='lat' dir='ltr'><strong>apparet</strong></span> <span class='ocrx_word' id='word_1_11' title='bbox 1004 462 1038 526; x_wconf 91' lang='lat' dir='ltr'><strong>in</strong></span> <span class='ocrx_word' id='word_1_12' title='bbox 1051 472 1148 564; x_wconf 83' lang='lat' dir='ltr'><strong>tenpe-</strong></span> 
     </span>
     <span class='ocr_line' id='line_1_3' title="bbox 129 546 1150 637; baseline 0.004 -24"><span class='ocrx_word' id='word_1_13' title='bbox 129 565 194 628; x_wconf 66' lang='grc'><strong>16,</strong></span> <span class='ocrx_word' id='word_1_14' title='bbox 218 570 285 634; x_wconf 91' lang='lat' dir='ltr'><strong>quo</strong></span> <span class='ocrx_word' id='word_1_15' title='bbox 303 546 357 629; x_wconf 89' lang='lat' dir='ltr'><strong>tit,</strong></span> <span class='ocrx_word' id='word_1_16' title='bbox 384 558 421 613; x_wconf 91' lang='lat' dir='ltr'><strong>ut</strong></span> <span class='ocrx_word' id='word_1_17' title='bbox 435 572 487 615; x_wconf 87' lang='lat' dir='ltr'><strong>res</strong></span> <span class='ocrx_word' id='word_1_18' title='bbox 508 570 582 615; x_wconf 86' lang='lat' dir='ltr'><strong>cnm</strong></span> <span class='ocrx_word' id='word_1_19' title='bbox 599 573 636 616; x_wconf 90' lang='lat' dir='ltr'><strong>re</strong></span> <span class='ocrx_word' id='word_1_20' title='bbox 654 553 887 637; x_wconf 77' lang='lat' dir='ltr'><strong>comparetur,</strong></span> <span class='ocrx_word' id='word_1_21' title='bbox 920 557 979 612; x_wconf 86' lang='lat' dir='ltr'><strong>aut</strong></span> <span class='ocrx_word' id='word_1_22' title='bbox 999 548 1150 636; x_wconf 82' lang='lat' dir='ltr'><strong>intelligitur</strong></span> 
     </span>
     <span class='ocr_line' id='line_1_4' title="bbox 134 629 1152 722; baseline 0.005 -26"><span class='ocrx_word' id='word_1_23' title='bbox 134 632 311 721; x_wconf 79' lang='lat' dir='ltr'><strong>&#39;timquam</strong></span> <span class='ocrx_word' id='word_1_24' title='bbox 329 636 543 722; x_wconf 83' lang='lat' dir='ltr'><strong>exspectanda</strong></span> <span class='ocrx_word' id='word_1_25' title='bbox 561 632 622 716; x_wconf 85' lang='lat' dir='ltr'><strong>ite,</strong></span> <span class='ocrx_word' id='word_1_26' title='bbox 651 643 689 698; x_wconf 86' lang='lat' dir='ltr'><strong>ut</strong></span> <span class='ocrx_word' id='word_1_27' title='bbox 705 633 936 698; x_wconf 85' lang='lat' dir='ltr'><strong>conditionem</strong></span> <span class='ocrx_word' id='word_1_28' title='bbox 964 629 1098 720; x_wconf 81' lang='lat' dir='ltr'><strong>aliquem</strong></span> <span class='ocrx_word' id='word_1_29' title='bbox 1114 634 1152 701; x_wconf 80' lang='lat' dir='ltr'><strong>ad-</strong></span> 
     </span>
     <span class='ocr_line' id='line_1_5' title="bbox 62 719 1203 818; baseline 0.004 -36"><span class='ocrx_word' id='word_1_30' title='bbox 62 752 65 760; x_wconf 91' lang='lat'><strong>·</strong></span> <span class='ocrx_word' id='word_1_31' title='bbox 142 719 216 801; x_wconf 86' lang='lat' dir='ltr'><strong>dat,</strong></span> <span class='ocrx_word' id='word_1_32' title='bbox 242 726 273 784; x_wconf 91' lang='lat' dir='ltr'><strong>et</strong></span> <span class='ocrx_word' id='word_1_33' title='bbox 287 729 420 818; x_wconf 88' lang='lat' dir='ltr'><strong>tempus</strong></span> <span class='ocrx_word' id='word_1_34' title='bbox 437 742 512 785; x_wconf 88' lang='lat' dir='ltr'><strong>cum</strong></span> <span class='ocrx_word' id='word_1_35' title='bbox 529 721 660 785; x_wconf 87' lang='lat' dir='ltr'><strong>alterius</strong></span> <span class='ocrx_word' id='word_1_36' title='bbox 676 719 837 806; x_wconf 84' lang='lat' dir='ltr'><strong>temporis</strong></span> <span class='ocrx_word' id='word_1_37' title='bbox 856 719 989 783; x_wconf 87' lang='lat' dir='ltr'><strong>ratione</strong></span> <span class='ocrx_word' id='word_1_38' title='bbox 1007 738 1151 817; x_wconf 74' lang='lat' dir='ltr'><strong>compone·</strong></span> <span class='ocrx_word' id='word_1_39' title='bbox 1196 726 1203 795; x_wconf 65' lang='grc' dir='ltr'><em>ἕ</em></span> 
     </span>
     <span class='ocr_line' id='line_1_6' title="bbox 117 799 1201 893; baseline 0.001 -26"><span class='ocrx_word' id='word_1_40' title='bbox 117 812 205 878; x_wconf 62' lang='lat' dir='ltr'><strong>„tun</strong></span> <span class='ocrx_word' id='word_1_41' title='bbox 249 804 333 868; x_wconf 89' lang='lat' dir='ltr'><strong>lllud</strong></span> <span class='ocrx_word' id='word_1_42' title='bbox 360 827 394 869; x_wconf 90' lang='lat' dir='ltr'><strong>tn</strong></span> <span class='ocrx_word' id='word_1_43' title='bbox 417 800 514 870; x_wconf 86' lang='lat' dir='ltr'><strong>rebus</strong></span> <span class='ocrx_word' id='word_1_44' title='bbox 543 802 623 893; x_wconf 86' lang='lat' dir='ltr'><strong>ipsis</strong></span> <span class='ocrx_word' id='word_1_45' title='bbox 648 802 859 869; x_wconf 84' lang='lat' dir='ltr'><strong>observatum</strong></span> <span class='ocrx_word' id='word_1_46' title='bbox 881 814 944 893; x_wconf 83' lang='lat' dir='ltr'><strong>pe&#39;r</strong></span> <span class='ocrx_word' id='word_1_47' title='bbox 966 799 1152 888; x_wconf 73' lang='lat' dir='ltr'><strong>indicatum,</strong></span> <span class='ocrx_word' id='word_1_48' title='bbox 1195 811 1201 846; x_wconf 81' lang='lat'><strong>¹</strong></span> 
     </span>
     <span class='ocr_line' id='line_1_7' title="bbox 140 881 1203 987; baseline 0.002 -34"><span class='ocrx_word' id='word_1_49' title='bbox 140 888 206 954; x_wconf 90' lang='lat' dir='ltr'><strong>hoc</strong></span> <span class='ocrx_word' id='word_1_50' title='bbox 226 887 423 987; x_wconf 80' lang='lat' dir='ltr'><strong>cogitatione</strong></span> <span class='ocrx_word' id='word_1_51' title='bbox 437 889 587 979; x_wconf 89' lang='lat' dir='ltr'><strong>positum</strong></span> <span class='ocrx_word' id='word_1_52' title='bbox 601 909 663 978; x_wconf 90' lang='lat' dir='ltr'><strong>per</strong></span> <span class='ocrx_word' id='word_1_53' title='bbox 679 890 924 956; x_wconf 82' lang='lat' dir='ltr'><strong>coniunctivum</strong></span> <span class='ocrx_word' id='word_1_54' title='bbox 934 933 944 971; x_wconf 85' lang='lat'><strong>,</strong></span> <span class='ocrx_word' id='word_1_55' title='bbox 978 890 1036 976; x_wconf 89' lang='lat' dir='ltr'><strong>qui</strong></span> <span class='ocrx_word' id='word_1_56' title='bbox 1055 890 1153 955; x_wconf 79' lang='lat' dir='ltr'><strong>ratioet</strong></span> <span class='ocrx_word' id='word_1_57' title='bbox 1195 881 1203 930; x_wconf 66' lang='grc' dir='ltr'><strong>ῑ</strong></span> 
     </span>
    </p>
   </div>
   <div class='ocr_carea' id='block_1_3' title="bbox 27 971 1203 4138">
    <p class='ocr_par' dir='ltr' id='par_1_3' title="bbox 27 971 1203 4138">
     <span class='ocr_line' id='line_1_8' title="bbox 139 971 1203 1124; baseline 0.002 -85"><span class='ocrx_word' id='word_1_58' title='bbox 139 976 267 1039; x_wconf 80' lang='lat' dir='ltr'><strong>nationi</strong></span> <span class='ocrx_word' id='word_1_59' title='bbox 284 976 437 1056; x_wconf 86' lang='lat' dir='ltr'><strong>inservit,</strong></span> <span class='ocrx_word' id='word_1_60' title='bbox 458 976 668 1063; x_wconf 84' lang='lat' dir='ltr'><strong>exprimitur.</strong></span> <span class='ocrx_word' id='word_1_61' title='bbox 699 974 805 1061; x_wconf 88' lang='lat' dir='ltr'><strong>quue</strong></span> <span class='ocrx_word' id='word_1_62' title='bbox 820 971 855 1040; x_wconf 91' lang='lat' dir='ltr'><strong>in</strong></span> <span class='ocrx_word' id='word_1_63' title='bbox 870 992 1157 1124; x_wconf 60' lang='lat' dir='ltr'><strong>quacumpnecon,</strong></span> <span class='ocrx_word' id='word_1_64' title='bbox 1182 976 1203 1018; x_wconf 59' lang='lat'><strong>²1¹</strong></span> 
     </span>
     <span class='ocr_line' id='line_1_9' title="bbox 138 1057 1203 1159; baseline 0.005 -36"><span class='ocrx_word' id='word_1_65' title='bbox 138 1062 309 1159; x_wconf 83' lang='lat' dir='ltr'><strong>paratione</strong></span> <span class='ocrx_word' id='word_1_66' title='bbox 325 1063 553 1145; x_wconf 82' lang='lat' dir='ltr'><strong>cognoscitur,</strong></span> <span class='ocrx_word' id='word_1_67' title='bbox 582 1079 666 1149; x_wconf 87' lang='lat' dir='ltr'><strong>quae</strong></span> <span class='ocrx_word' id='word_1_68' title='bbox 689 1068 744 1125; x_wconf 89' lang='lat' dir='ltr'><strong>ant</strong></span> <span class='ocrx_word' id='word_1_69' title='bbox 759 1080 832 1126; x_wconf 87' lang='lat' dir='ltr'><strong>rem</strong></span> <span class='ocrx_word' id='word_1_70' title='bbox 850 1057 1015 1147; x_wconf 86' lang='lat' dir='ltr'><strong>componi</strong></span> <span class='ocrx_word' id='word_1_71' title='bbox 1053 1081 1118 1125; x_wconf 89' lang='lat' dir='ltr'><strong>cnm</strong></span> <span class='ocrx_word' id='word_1_72' title='bbox 1133 1082 1155 1127; x_wconf 85' lang='lat' dir='ltr'><strong>n</strong></span> <span class='ocrx_word' id='word_1_73' title='bbox 1183 1062 1203 1128; x_wconf 64' lang='grc'><strong>0</strong></span> 
     </span>
     <span class='ocr_line' id='line_1_10' title="bbox 138 1143 1156 1234; baseline 0.001 -24"><span class='ocrx_word' id='word_1_74' title='bbox 138 1168 204 1210; x_wconf 84' lang='lat' dir='ltr'><strong>tam</strong></span> <span class='ocrx_word' id='word_1_75' title='bbox 222 1143 354 1230; x_wconf 82' lang='lat' dir='ltr'><strong>cognita</strong></span> <span class='ocrx_word' id='word_1_76' title='bbox 368 1152 400 1210; x_wconf 89' lang='lat' dir='ltr'><strong>et</strong></span> <span class='ocrx_word' id='word_1_77' title='bbox 414 1143 587 1212; x_wconf 86' lang='lat' dir='ltr'><strong>indicanda</strong></span> <span class='ocrx_word' id='word_1_78' title='bbox 596 1191 605 1223; x_wconf 85' lang='lat'><strong>,</strong></span> <span class='ocrx_word' id='word_1_79' title='bbox 626 1154 682 1211; x_wconf 92' lang='lat' dir='ltr'><strong>aut</strong></span> <span class='ocrx_word' id='word_1_80' title='bbox 696 1164 769 1212; x_wconf 86' lang='lat' dir='ltr'><strong>rem</strong></span> <span class='ocrx_word' id='word_1_81' title='bbox 787 1147 917 1210; x_wconf 84' lang='lat' dir='ltr'><strong>confert</strong></span> <span class='ocrx_word' id='word_1_82' title='bbox 932 1161 1010 1210; x_wconf 91' lang='lat' dir='ltr'><strong>cum</strong></span> <span class='ocrx_word' id='word_1_83' title='bbox 1025 1166 1064 1211; x_wconf 91' lang='lat' dir='ltr'><strong>eo</strong></span> <span class='ocrx_word' id='word_1_84' title='bbox 1074 1192 1083 1227; x_wconf 87' lang='lat'><strong>,</strong></span> <span class='ocrx_word' id='word_1_85' title='bbox 1095 1147 1156 1234; x_wconf 80' lang='lat' dir='ltr'><strong>qaod</strong></span> 
     </span>
     <span class='ocr_line' id='line_1_11' title="bbox 140 1227 1156 1321; baseline 0.002 -27"><span class='ocrx_word' id='word_1_86' title='bbox 140 1251 209 1294; x_wconf 87' lang='lat' dir='ltr'><strong>esse</strong></span> <span class='ocrx_word' id='word_1_87' title='bbox 228 1232 329 1318; x_wconf 88' lang='lat' dir='ltr'><strong>possit</strong></span> <span class='ocrx_word' id='word_1_88' title='bbox 346 1242 379 1295; x_wconf 88' lang='lat' dir='ltr'><strong>ct</strong></span> <span class='ocrx_word' id='word_1_89' title='bbox 400 1255 470 1297; x_wconf 86' lang='lat' dir='ltr'><strong>esse</strong></span> <span class='ocrx_word' id='word_1_90' title='bbox 493 1234 692 1321; x_wconf 66' lang='lat' dir='ltr'><strong>cogitatione</strong></span> <span class='ocrx_word' id='word_1_91' title='bbox 716 1232 864 1320; x_wconf 87' lang='lat' dir='ltr'><strong>ponitur.</strong></span> <span class='ocrx_word' id='word_1_92' title='bbox 892 1231 997 1296; x_wconf 74' lang='lat' dir='ltr'><strong>ueluti</strong></span> <span class='ocrx_word' id='word_1_93' title='bbox 1020 1227 1098 1296; x_wconf 85' lang='lat' dir='ltr'><strong>Ptin.</strong></span> <span class='ocrx_word' id='word_1_94' title='bbox 1117 1229 1156 1320; x_wconf 78' lang='lat' dir='ltr'><strong>Ep</strong></span> 
     </span>
     <span class='ocr_line' id='line_1_12' title="bbox 136 1311 1168 1406; baseline 0.001 -26"><span class='ocrx_word' id='word_1_95' title='bbox 136 1321 176 1397; x_wconf 84' lang='grc'><strong>1,</strong></span> <span class='ocrx_word' id='word_1_96' title='bbox 206 1316 258 1381; x_wconf 76' lang='lat' dir='ltr'><strong>ut.</strong></span> <span class='ocrx_word' id='word_1_97' title='bbox 286 1311 434 1381; x_wconf 71' lang='lat' dir='ltr'><strong>liabetur</strong></span> <span class='ocrx_word' id='word_1_98' title='bbox 465 1314 530 1383; x_wconf 82' lang='lat' dir='ltr'><strong>ille</strong></span> <span class='ocrx_word' id='word_1_99' title='bbox 555 1318 790 1405; x_wconf 76' lang='lat' dir='ltr'><strong>pantomimos</strong></span> <span class='ocrx_word' id='word_1_100' title='bbox 808 1314 1022 1403; x_wconf 67' lang='lat' dir='ltr'><strong>ferebatque·</strong></span> <span class='ocrx_word' id='word_1_101' title='bbox 1043 1314 1168 1406; x_wconf 29' lang='grc'><strong>6111111111,-</strong></span> 
     </span>
     <span class='ocr_line' id='line_1_13' title="bbox 138 1398 1157 1490; baseline 0.003 -26"><span class='ocrx_word' id='word_1_102' title='bbox 138 1419 241 1488; x_wconf 85' lang='lat' dir='ltr'><strong>quam</strong></span> <span class='ocrx_word' id='word_1_103' title='bbox 249 1398 407 1488; x_wconf 79' lang='lat' dir='ltr'><strong>principi</strong></span> <span class='ocrx_word' id='word_1_104' title='bbox 419 1398 579 1490; x_wconf 84' lang='lat' dir='ltr'><strong>feminae</strong></span> <span class='ocrx_word' id='word_1_105' title='bbox 597 1398 761 1488; x_wconf 79' lang='lat' dir='ltr'><strong>convenit.</strong></span> <span class='ocrx_word' id='word_1_106' title='bbox 785 1402 841 1466; x_wconf 89' lang='lat' dir='ltr'><strong>sed</strong></span> <span class='ocrx_word' id='word_1_107' title='bbox 861 1402 999 1474; x_wconf 86' lang='lat' dir='ltr'><strong>Sueten.</strong></span> <span class='ocrx_word' id='word_1_108' title='bbox 1025 1400 1111 1467; x_wconf 86' lang='lat' dir='ltr'><strong>Galb.</strong></span> <span class='ocrx_word' id='word_1_109' title='bbox 1125 1405 1157 1468; x_wconf 84' lang='lat' dir='ltr'><strong>tt</strong></span> 
     </span>
     <span class='ocr_line' id='line_1_14' title="bbox 136 1483 1159 1577; baseline 0.002 -28"><span class='ocrx_word' id='word_1_110' title='bbox 136 1486 241 1551; x_wconf 85' lang='lat' dir='ltr'><strong>modo</strong></span> <span class='ocrx_word' id='word_1_111' title='bbox 258 1483 433 1553; x_wconf 81' lang='lat' dir='ltr'><strong>remissior</strong></span> <span class='ocrx_word' id='word_1_112' title='bbox 442 1514 484 1553; x_wconf 83' lang='lat' dir='ltr'><strong>ne</strong></span> <span class='ocrx_word' id='word_1_113' title='bbox 499 1488 744 1577; x_wconf 82' lang='lat' dir='ltr'><strong>negligentior,</strong></span> <span class='ocrx_word' id='word_1_114' title='bbox 759 1507 863 1574; x_wconf 83' lang='lat' dir='ltr'><strong>quam</strong></span> <span class='ocrx_word' id='word_1_115' title='bbox 879 1486 1074 1553; x_wconf 77' lang='lat' dir='ltr'><strong>conueniret</strong></span> <span class='ocrx_word' id='word_1_116' title='bbox 1086 1486 1159 1574; x_wconf 86' lang='lat' dir='ltr'><strong>prin·</strong></span> 
     </span>
     <span class='ocr_line' id='line_1_15' title="bbox 137 1570 1203 1661; baseline 0.002 -25"><span class='ocrx_word' id='word_1_117' title='bbox 137 1570 209 1658; x_wconf 82' lang='lat' dir='ltr'><strong>cipi</strong></span> <span class='ocrx_word' id='word_1_118' title='bbox 232 1571 347 1638; x_wconf 89' lang='lat' dir='ltr'><strong>electo.</strong></span> <span class='ocrx_word' id='word_1_119' title='bbox 390 1574 504 1660; x_wconf 88' lang='lat' dir='ltr'><strong>Itaque</strong></span> <span class='ocrx_word' id='word_1_120' title='bbox 528 1595 631 1661; x_wconf 92' lang='lat' dir='ltr'><strong>quum</strong></span> <span class='ocrx_word' id='word_1_121' title='bbox 655 1572 724 1638; x_wconf 88' lang='lat' dir='ltr'><strong>Cic.</strong></span> <span class='ocrx_word' id='word_1_122' title='bbox 751 1572 793 1636; x_wconf 88' lang='lat' dir='ltr'><strong>ud</strong></span> <span class='ocrx_word' id='word_1_123' title='bbox 815 1575 883 1637; x_wconf 81' lang='lat' dir='ltr'><strong>nn.</strong></span> <span class='ocrx_word' id='word_1_124' title='bbox 903 1579 943 1639; x_wconf 99' lang='grc'><strong>10</strong></span> <span class='ocrx_word' id='word_1_125' title='bbox 951 1621 960 1650; x_wconf 94' lang='grc'><strong><em>,</em></strong></span> <span class='ocrx_word' id='word_1_126' title='bbox 982 1574 1035 1637; x_wconf 81' lang='lat'><strong>15.</strong></span> <span class='ocrx_word' id='word_1_127' title='bbox 1057 1571 1159 1638; x_wconf 81' lang='lat' dir='ltr'><strong>scribit:</strong></span> <span class='ocrx_word' id='word_1_128' title='bbox 1194 1605 1203 1657; x_wconf 47' lang='lat' dir='ltr'><strong>a,</strong></span> 
     </span>
     <span class='ocr_line' id='line_1_16' title="bbox 137 1653 1161 1747; baseline 0.001 -25"><span class='ocrx_word' id='word_1_129' title='bbox 137 1657 274 1723; x_wconf 79' lang='lat' dir='ltr'><strong>litterae</strong></span> <span class='ocrx_word' id='word_1_130' title='bbox 299 1658 359 1724; x_wconf 84' lang='lat' dir='ltr'><strong>dea</strong></span> <span class='ocrx_word' id='word_1_131' title='bbox 383 1670 464 1724; x_wconf 87' lang='lat' dir='ltr'><strong>ante</strong></span> <span class='ocrx_word' id='word_1_132' title='bbox 479 1679 582 1747; x_wconf 84' lang='lat' dir='ltr'><strong>quem</strong></span> <span class='ocrx_word' id='word_1_133' title='bbox 607 1653 832 1737; x_wconf 82' lang='lat' dir='ltr'><strong>riiccetlimua,</strong></span> <span class='ocrx_word' id='word_1_134' title='bbox 857 1655 892 1723; x_wconf 93' lang='lat' dir='ltr'><strong>id</strong></span> <span class='ocrx_word' id='word_1_135' title='bbox 920 1656 1081 1747; x_wconf 88' lang='lat' dir='ltr'><strong>significat</strong></span> <span class='ocrx_word' id='word_1_136' title='bbox 1103 1670 1161 1723; x_wconf 82' lang='lat' dir='ltr'><strong>unte</strong></span> 
     </span>
     <span class='ocr_line' id='line_1_17' title="bbox 139 1741 1203 1838; baseline -0.001 -31"><span class='ocrx_word' id='word_1_137' title='bbox 139 1741 326 1808; x_wconf 81' lang='lat' dir='ltr'><strong>discessum</strong></span> <span class='ocrx_word' id='word_1_138' title='bbox 353 1757 517 1810; x_wconf 80' lang='lat' dir='ltr'><strong>nostrum.</strong></span> <span class='ocrx_word' id='word_1_139' title='bbox 556 1751 587 1810; x_wconf 92' lang='lat' dir='ltr'><strong>et</strong></span> <span class='ocrx_word' id='word_1_140' title='bbox 610 1745 716 1810; x_wconf 89' lang='lat' dir='ltr'><strong>Plauti</strong></span> <span class='ocrx_word' id='word_1_141' title='bbox 739 1743 810 1809; x_wconf 88' lang='lat' dir='ltr'><strong>Mil.</strong></span> <span class='ocrx_word' id='word_1_142' title='bbox 836 1749 875 1821; x_wconf 77' lang='lat'><strong>8,</strong></span> <span class='ocrx_word' id='word_1_143' title='bbox 910 1750 948 1824; x_wconf 90' lang='lat'><strong>1,</strong></span> <span class='ocrx_word' id='word_1_144' title='bbox 979 1746 1051 1810; x_wconf 88' lang='grc'><strong>115.</strong></span> <span class='ocrx_word' id='word_1_145' title='bbox 1100 1744 1163 1821; x_wconf 76' lang='lat' dir='ltr'><strong>rista,</strong></span> <span class='ocrx_word' id='word_1_146' title='bbox 1198 1778 1203 1838; x_wconf 57' lang='grc' dir='ltr'>ξ</span> 
     </span>
     <span class='ocr_line' id='line_1_18' title="bbox 27 1823 1163 1916; baseline 0.003 -25"><span class='ocrx_word' id='word_1_147' title='bbox 27 1864 32 1871; x_wconf 93' lang='grc'>-</span> <span class='ocrx_word' id='word_1_148' title='bbox 160 1826 363 1906; x_wconf 76' lang='lat' dir='ltr'><strong>tiumlucet,</strong></span> <span class='ocrx_word' id='word_1_149' title='bbox 386 1830 514 1896; x_wconf 81' lang='lat' dir='ltr'><strong>adsunt</strong></span> <span class='ocrx_word' id='word_1_150' title='bbox 531 1837 669 1896; x_wconf 87' lang='lat' dir='ltr'><strong>estante</strong></span> <span class='ocrx_word' id='word_1_151' title='bbox 692 1823 814 1896; x_wconf 86' lang='lat' dir='ltr'><strong>lucem.</strong></span> <span class='ocrx_word' id='word_1_152' title='bbox 859 1825 924 1894; x_wconf 86' lang='lat' dir='ltr'><strong>Sed</strong></span> <span class='ocrx_word' id='word_1_153' title='bbox 947 1845 1052 1916; x_wconf 87' lang='lat' dir='ltr'><strong>quum</strong></span> <span class='ocrx_word' id='word_1_154' title='bbox 1125 1851 1163 1894; x_wconf 84' lang='lat' dir='ltr'><strong>ect</strong></span> 
     </span>
     <span class='ocr_line' id='line_1_19' title="bbox 136 1851 1203 2002; baseline 0.002 -23"><span class='ocrx_word' id='word_1_155' title='bbox 136 1851 212 1979; x_wconf 76' lang='lat' dir='ltr'><strong>itu.</strong></span> <span class='ocrx_word' id='word_1_156' title='bbox 239 1937 293 2000; x_wconf 81' lang='lat' dir='ltr'><strong>qu.</strong></span> <span class='ocrx_word' id='word_1_157' title='bbox 319 1920 358 1996; x_wconf 80' lang='lat'><strong>2,</strong></span> <span class='ocrx_word' id='word_1_158' title='bbox 385 1919 436 1982; x_wconf 77' lang='lat'><strong>12.</strong></span> <span class='ocrx_word' id='word_1_159' title='bbox 471 1929 552 1982; x_wconf 83' lang='lat' dir='ltr'><strong>unte</strong></span> <span class='ocrx_word' id='word_1_160' title='bbox 583 1929 699 1981; x_wconf 89' lang='lat' dir='ltr'><strong>autem</strong></span> <span class='ocrx_word' id='word_1_161' title='bbox 728 1913 880 1981; x_wconf 68' lang='lat' dir='ltr'><strong>uidetnus‘</strong></span> <span class='ocrx_word' id='word_1_162' title='bbox 895 1910 1164 2002; x_wconf 78' lang='lat' dir='ltr'><strong>fulgurationun</strong></span> <span class='ocrx_word' id='word_1_163' title='bbox 1202 1990 1203 1995; x_wconf 8' lang='grc' dir='ltr'>η</span> 
     </span>
     <span class='ocr_line' id='line_1_20' title="bbox 136 1995 1164 2085; baseline 0.003 -23"><span class='ocrx_word' id='word_1_164' title='bbox 136 2019 240 2085; x_wconf 83' lang='lat' dir='ltr'><strong>quum</strong></span> <span class='ocrx_word' id='word_1_165' title='bbox 254 2020 375 2065; x_wconf 77' lang='lat' dir='ltr'><strong>sonum</strong></span> <span class='ocrx_word' id='word_1_166' title='bbox 389 1999 586 2066; x_wconf 83' lang='lat' dir='ltr'><strong>audiemus.</strong></span> <span class='ocrx_word' id='word_1_167' title='bbox 611 2001 794 2066; x_wconf 85' lang='lat' dir='ltr'><strong>cohaerent</strong></span> <span class='ocrx_word' id='word_1_168' title='bbox 812 1995 894 2066; x_wconf 87' lang='lat' dir='ltr'><strong>haec</strong></span> <span class='ocrx_word' id='word_1_169' title='bbox 914 2001 1111 2065; x_wconf 85' lang='lat' dir='ltr'><strong>conditionis</strong></span> <span class='ocrx_word' id='word_1_170' title='bbox 1124 2023 1164 2065; x_wconf 87' lang='lat' dir='ltr'><strong>ra·</strong></span> 
     </span>
     <span class='ocr_line' id='line_1_21' title="bbox 136 2083 1165 2174; baseline 0 -25"><span class='ocrx_word' id='word_1_171' title='bbox 136 2083 248 2166; x_wconf 88' lang='lat' dir='ltr'><strong>tione,</strong></span> <span class='ocrx_word' id='word_1_172' title='bbox 274 2108 334 2150; x_wconf 90' lang='lat' dir='ltr'><strong>nec</strong></span> <span class='ocrx_word' id='word_1_173' title='bbox 357 2109 408 2150; x_wconf 90' lang='lat' dir='ltr'><strong>res</strong></span> <span class='ocrx_word' id='word_1_174' title='bbox 429 2095 645 2174; x_wconf 86' lang='lat' dir='ltr'><strong>comparetur</strong></span> <span class='ocrx_word' id='word_1_175' title='bbox 667 2105 742 2150; x_wconf 92' lang='lat' dir='ltr'><strong>cum</strong></span> <span class='ocrx_word' id='word_1_176' title='bbox 755 2107 802 2151; x_wconf 80' lang='grc'><strong>,16</strong></span> <span class='ocrx_word' id='word_1_177' title='bbox 823 2103 976 2151; x_wconf 85' lang='lat' dir='ltr'><strong>seorsum</strong></span> <span class='ocrx_word' id='word_1_178' title='bbox 996 2096 1165 2174; x_wconf 84' lang='lat' dir='ltr'><strong>apparente,</strong></span> 
     </span>
     <span class='ocr_line' id='line_1_22' title="bbox 136 2169 1184 2272; baseline 0.002 -38"><span class='ocrx_word' id='word_1_179' title='bbox 136 2169 195 2234; x_wconf 89' lang='lat' dir='ltr'><strong>sed</strong></span> <span class='ocrx_word' id='word_1_180' title='bbox 221 2191 298 2235; x_wconf 91' lang='lat' dir='ltr'><strong>cum</strong></span> <span class='ocrx_word' id='word_1_181' title='bbox 320 2194 358 2236; x_wconf 89' lang='lat' dir='ltr'><strong>rc</strong></span> <span class='ocrx_word' id='word_1_182' title='bbox 377 2173 422 2236; x_wconf 87' lang='lat' dir='ltr'><strong>ita</strong></span> <span class='ocrx_word' id='word_1_183' title='bbox 453 2169 642 2272; x_wconf 82' lang='lat' dir='ltr'><strong>supposita,</strong></span> <span class='ocrx_word' id='word_1_184' title='bbox 678 2181 717 2236; x_wconf 90' lang='lat' dir='ltr'><strong>ut</strong></span> <span class='ocrx_word' id='word_1_185' title='bbox 739 2171 899 2258; x_wconf 83' lang='lat' dir='ltr'><strong>temporis</strong></span> <span class='ocrx_word' id='word_1_186' title='bbox 924 2171 1184 2261; x_wconf 77' lang='grc' dir='ltr'><strong>1111166111611111Ι</strong></span> 
     </span>
     <span class='ocr_line' id='line_1_23' title="bbox 137 2252 1183 2345; baseline 0.002 -27"><span class='ocrx_word' id='word_1_187' title='bbox 137 2256 376 2320; x_wconf 88' lang='lat' dir='ltr'><strong>consideretur.</strong></span> <span class='ocrx_word' id='word_1_188' title='bbox 419 2253 503 2321; x_wconf 90' lang='lat' dir='ltr'><strong>Nam</strong></span> <span class='ocrx_word' id='word_1_189' title='bbox 518 2258 573 2323; x_wconf 81' lang='lat' dir='ltr'><strong>ille</strong></span> <span class='ocrx_word' id='word_1_190' title='bbox 591 2279 662 2322; x_wconf 90' lang='lat' dir='ltr'><strong>non</strong></span> <span class='ocrx_word' id='word_1_191' title='bbox 686 2254 784 2336; x_wconf 89' lang='lat' dir='ltr'><strong>dicit,</strong></span> <span class='ocrx_word' id='word_1_192' title='bbox 814 2252 906 2342; x_wconf 90' lang='lat' dir='ltr'><strong>quod</strong></span> <span class='ocrx_word' id='word_1_193' title='bbox 928 2265 1081 2343; x_wconf 84' lang='lat' dir='ltr'><strong>poterut,</strong></span> <span class='ocrx_word' id='word_1_194' title='bbox 1102 2252 1183 2345; x_wconf 69' lang='lat' dir='ltr'><strong>sul»,</strong></span> 
     </span>
     <span class='ocr_line' id='line_1_24' title="bbox 133 2339 1165 2427; baseline 0.004 -24"><span class='ocrx_word' id='word_1_195' title='bbox 133 2340 356 2427; x_wconf 79' lang='lat' dir='ltr'><strong>gurulionem</strong></span> <span class='ocrx_word' id='word_1_196' title='bbox 377 2340 527 2407; x_wconf 78' lang='lat' dir='ltr'><strong>uidemus</strong></span> <span class='ocrx_word' id='word_1_197' title='bbox 551 2349 632 2407; x_wconf 88' lang='lat' dir='ltr'><strong>unte</strong></span> <span class='ocrx_word' id='word_1_198' title='bbox 654 2359 773 2407; x_wconf 82' lang='lat' dir='ltr'><strong>sonum</strong></span> <span class='ocrx_word' id='word_1_199' title='bbox 798 2341 975 2416; x_wconf 85' lang='lat' dir='ltr'><strong>auditum,</strong></span> <span class='ocrx_word' id='word_1_200' title='bbox 1009 2342 1067 2407; x_wconf 66' lang='lat' dir='ltr'><strong>§ed</strong></span> <span class='ocrx_word' id='word_1_201' title='bbox 1089 2339 1165 2407; x_wconf 76' lang='lat' dir='ltr'><strong>vitle-</strong></span> 
     </span>
     <span class='ocr_line' id='line_1_25' title="bbox 134 2423 1166 2515; baseline 0.002 -26"><span class='ocrx_word' id='word_1_202' title='bbox 134 2446 210 2489; x_wconf 84' lang='lat' dir='ltr'><strong>mus</strong></span> <span class='ocrx_word' id='word_1_203' title='bbox 217 2423 498 2514; x_wconf 77' lang='lat' dir='ltr'><strong>fttlgurutionent</strong></span> <span class='ocrx_word' id='word_1_204' title='bbox 519 2440 600 2494; x_wconf 87' lang='lat' dir='ltr'><strong>ante</strong></span> <span class='ocrx_word' id='word_1_205' title='bbox 615 2436 767 2514; x_wconf 86' lang='lat' dir='ltr'><strong>tempus,</strong></span> <span class='ocrx_word' id='word_1_206' title='bbox 789 2423 827 2492; x_wconf 86' lang='lat' dir='ltr'><strong>in</strong></span> <span class='ocrx_word' id='word_1_207' title='bbox 844 2449 908 2515; x_wconf 85' lang='lat' dir='ltr'><strong>que</strong></span> <span class='ocrx_word' id='word_1_208' title='bbox 924 2424 1115 2492; x_wconf 74' lang='lat' dir='ltr'><strong>uiidiendua</strong></span> <span class='ocrx_word' id='word_1_209' title='bbox 1133 2426 1166 2491; x_wconf 83' lang='lat' dir='ltr'><strong>sit</strong></span> 
     </span>
     <span class='ocr_line' id='line_1_26' title="bbox 134 2509 1183 2600; baseline 0.001 -25"><span class='ocrx_word' id='word_1_210' title='bbox 134 2532 247 2576; x_wconf 80' lang='lat' dir='ltr'><strong>sonu-s.</strong></span> <span class='ocrx_word' id='word_1_211' title='bbox 291 2510 346 2576; x_wconf 88' lang='lat' dir='ltr'><strong>Sic</strong></span> <span class='ocrx_word' id='word_1_212' title='bbox 372 2510 440 2577; x_wconf 86' lang='lat' dir='ltr'><strong>Cic.</strong></span> <span class='ocrx_word' id='word_1_213' title='bbox 465 2513 506 2578; x_wconf 90' lang='lat' dir='ltr'><strong>de</strong></span> <span class='ocrx_word' id='word_1_214' title='bbox 529 2516 620 2579; x_wconf 85' lang='lat' dir='ltr'><strong>Orat.</strong></span> <span class='ocrx_word' id='word_1_215' title='bbox 645 2521 682 2595; x_wconf 88' lang='lat'><strong>1,</strong></span> <span class='ocrx_word' id='word_1_216' title='bbox 710 2515 770 2593; x_wconf 80' lang='lat'><strong>59,</strong></span> <span class='ocrx_word' id='word_1_217' title='bbox 798 2513 872 2578; x_wconf 75' lang='lat'><strong>251.</strong></span> <span class='ocrx_word' id='word_1_218' title='bbox 892 2509 1055 2600; x_wconf 71' lang='lat' dir='ltr'><strong>quotidie</strong></span> <span class='ocrx_word' id='word_1_219' title='bbox 1088 2524 1183 2577; x_wconf 80' lang='grc'><strong>111116·-</strong></span> 
     </span>
     <span class='ocr_line' id='line_1_27' title="bbox 134 2594 1165 2684; baseline 0.001 -25"><span class='ocrx_word' id='word_1_220' title='bbox 134 2618 238 2684; x_wconf 83' lang='lat' dir='ltr'><strong>quum</strong></span> <span class='ocrx_word' id='word_1_221' title='bbox 262 2596 507 2683; x_wconf 76' lang='lat' dir='ltr'><strong>pronuntient,</strong></span> <span class='ocrx_word' id='word_1_222' title='bbox 538 2622 650 2665; x_wconf 81' lang='lat' dir='ltr'><strong>uocem</strong></span> <span class='ocrx_word' id='word_1_223' title='bbox 678 2596 838 2662; x_wconf 77' lang='lat' dir='ltr'><strong>cubantes</strong></span> <span class='ocrx_word' id='word_1_224' title='bbox 871 2594 997 2661; x_wconf 81' lang='lat' dir='ltr'><strong>aenaim</strong></span> <span class='ocrx_word' id='word_1_225' title='bbox 1014 2596 1165 2664; x_wconf 67' lang='lat' dir='ltr'><strong>exedunt.</strong></span> 
     </span>
     <span class='ocr_line' id='line_1_28' title="bbox 137 2679 1165 2772; baseline -0.001 -26"><span class='ocrx_word' id='word_1_226' title='bbox 137 2680 315 2747; x_wconf 89' lang='lat' dir='ltr'><strong>consilium</strong></span> <span class='ocrx_word' id='word_1_227' title='bbox 340 2683 531 2762; x_wconf 87' lang='lat' dir='ltr'><strong>intercedit,</strong></span> <span class='ocrx_word' id='word_1_228' title='bbox 570 2702 637 2772; x_wconf 89' lang='lat' dir='ltr'><strong>quo</strong></span> <span class='ocrx_word' id='word_1_229' title='bbox 671 2684 846 2747; x_wconf 86' lang='lat' dir='ltr'><strong>coniuncta</strong></span> <span class='ocrx_word' id='word_1_230' title='bbox 868 2680 1063 2747; x_wconf 74' lang='lat' dir='ltr'><strong>videantur.</strong></span> <span class='ocrx_word' id='word_1_231' title='bbox 1084 2720 1087 2729; x_wconf 94' lang='lat'>·</span> <span class='ocrx_word' id='word_1_232' title='bbox 1111 2679 1165 2747; x_wconf 87' lang='lat' dir='ltr'><strong>Nos</strong></span> 
     </span>
     <span class='ocr_line' id='line_1_29' title="bbox 133 2766 1196 2856; baseline 0.002 -26"><span class='ocrx_word' id='word_1_233' title='bbox 133 2777 314 2853; x_wconf 90' lang='lat' dir='ltr'><strong>utrumque</strong></span> <span class='ocrx_word' id='word_1_234' title='bbox 329 2768 560 2856; x_wconf 86' lang='lat' dir='ltr'><strong>distinguimus</strong></span> <span class='ocrx_word' id='word_1_235' title='bbox 575 2770 742 2837; x_wconf 82' lang='lat' dir='ltr'><strong>vocabulis</strong></span> <span class='ocrx_word' id='word_1_236' title='bbox 764 2769 822 2833; x_wconf 77' lang='lat' dir='ltr'><strong>elie</strong></span> <span class='ocrx_word' id='word_1_237' title='bbox 840 2774 872 2832; x_wconf 86' lang='lat' dir='ltr'><strong>et</strong></span> <span class='ocrx_word' id='word_1_238' title='bbox 889 2766 999 2832; x_wconf 72' lang='lat' dir='ltr'><strong>bever.</strong></span> <span class='ocrx_word' id='word_1_239' title='bbox 1031 2767 1069 2832; x_wconf 84' lang='lat' dir='ltr'><strong>In</strong></span> <span class='ocrx_word' id='word_1_240' title='bbox 1084 2788 1165 2856; x_wconf 88' lang='lat' dir='ltr'><strong>prae·</strong></span> <span class='ocrx_word' id='word_1_241' title='bbox 1193 2786 1196 2791; x_wconf 84' lang='lat'>&#39;</span> 
     </span>
     <span class='ocr_line' id='line_1_30' title="bbox 135 2853 1192 2942; baseline 0 -26"><span class='ocrx_word' id='word_1_242' title='bbox 135 2855 220 2917; x_wconf 86' lang='lat' dir='ltr'><strong>senti</strong></span> <span class='ocrx_word' id='word_1_243' title='bbox 239 2864 392 2942; x_wconf 87' lang='lat' dir='ltr'><strong>tempore</strong></span> <span class='ocrx_word' id='word_1_244' title='bbox 409 2875 512 2941; x_wconf 88' lang='lat' dir='ltr'><strong>quum</strong></span> <span class='ocrx_word' id='word_1_245' title='bbox 530 2874 636 2920; x_wconf 90' lang='lat' dir='ltr'><strong>unum</strong></span> <span class='ocrx_word' id='word_1_246' title='bbox 651 2861 797 2932; x_wconf 86' lang='lat' dir='ltr'><strong>tentum,</strong></span> <span class='ocrx_word' id='word_1_247' title='bbox 820 2853 913 2940; x_wconf 89' lang='lat' dir='ltr'><strong>quod</strong></span> <span class='ocrx_word' id='word_1_248' title='bbox 932 2862 1085 2942; x_wconf 80' lang='lat' dir='ltr'><strong>apparet,</strong></span> <span class='ocrx_word' id='word_1_249' title='bbox 1100 2875 1167 2917; x_wconf 91' lang='lat' dir='ltr'><strong>con·</strong></span> <span class='ocrx_word' id='word_1_250' title='bbox 1190 2925 1192 2931; x_wconf 27' lang='lat'><strong>¹</strong></span> 
     </span>
     <span class='ocr_line' id='line_1_31' title="bbox 133 2936 1203 3028; baseline 0.001 -27"><span class='ocrx_word' id='word_1_251' title='bbox 133 2938 311 3025; x_wconf 81' lang='lat' dir='ltr'><strong>spiciatur,</strong></span> <span class='ocrx_word' id='word_1_252' title='bbox 333 2940 474 3005; x_wconf 86' lang='lat' dir='ltr'><strong>alterum</strong></span> <span class='ocrx_word' id='word_1_253' title='bbox 490 2962 561 3006; x_wconf 92' lang='lat' dir='ltr'><strong>non</strong></span> <span class='ocrx_word' id='word_1_254' title='bbox 575 2941 637 3005; x_wconf 90' lang='lat' dir='ltr'><strong>nisi</strong></span> <span class='ocrx_word' id='word_1_255' title='bbox 656 2941 842 3028; x_wconf 77' lang='lat' dir='ltr'><strong>exspectari</strong></span> <span class='ocrx_word' id='word_1_256' title='bbox 856 2948 888 3004; x_wconf 91' lang='lat' dir='ltr'><strong>et</strong></span> <span class='ocrx_word' id='word_1_257' title='bbox 904 2936 1053 3026; x_wconf 91' lang='lat' dir='ltr'><strong>supponi</strong></span> <span class='ocrx_word' id='word_1_258' title='bbox 1067 2939 1166 3026; x_wconf 86' lang='lat' dir='ltr'><strong>possit,</strong></span> <span class='ocrx_word' id='word_1_259' title='bbox 1200 2946 1203 2993; x_wconf 78' lang='grc' dir='ltr'>ἑ</span> 
     </span>
     <span class='ocr_line' id='line_1_32' title="bbox 131 3021 1165 3111; baseline -0.003 -23"><span class='ocrx_word' id='word_1_260' title='bbox 131 3025 311 3111; x_wconf 90' lang='lat' dir='ltr'><strong>proprium</strong></span> <span class='ocrx_word' id='word_1_261' title='bbox 333 3022 446 3090; x_wconf 90' lang='lat' dir='ltr'><strong>locum</strong></span> <span class='ocrx_word' id='word_1_262' title='bbox 478 3023 577 3092; x_wconf 86' lang='lat' dir='ltr'><strong>habet</strong></span> <span class='ocrx_word' id='word_1_263' title='bbox 600 3024 838 3090; x_wconf 90' lang='lat' dir='ltr'><strong>coniunctivus.</strong></span> <span class='ocrx_word' id='word_1_264' title='bbox 891 3024 995 3090; x_wconf 79' lang='lat' dir='ltr'><strong>Varro</strong></span> <span class='ocrx_word' id='word_1_265' title='bbox 1024 3021 1165 3090; x_wconf 74' lang='lat' dir='ltr'><strong>delier.</strong></span> 
     </span>
     <span class='ocr_line' id='line_1_33' title="bbox 133 3108 1167 3200; baseline -0.003 -26"><span class='ocrx_word' id='word_1_266' title='bbox 133 3114 172 3182; x_wconf 87' lang='grc'><strong>1,</strong></span> <span class='ocrx_word' id='word_1_267' title='bbox 204 3115 258 3174; x_wconf 83' lang='grc'><strong>80.</strong></span> <span class='ocrx_word' id='word_1_268' title='bbox 289 3117 473 3199; x_wconf 81' lang='lat' dir='ltr'><strong>antequem</strong></span> <span class='ocrx_word' id='word_1_269' title='bbox 501 3131 659 3200; x_wconf 82' lang='lat' dir='ltr'><strong>gemma-s</strong></span> <span class='ocrx_word' id='word_1_270' title='bbox 689 3122 803 3198; x_wconf 83' lang='lat' dir='ltr'><strong>agant</strong></span> <span class='ocrx_word' id='word_1_271' title='bbox 827 3108 1167 3198; x_wconf 55' lang='grc' dir='ltr'><strong>1160616666νείηεί-</strong></span> 
     </span>
     <span class='ocr_line' id='line_1_34' title="bbox 126 3191 1167 3296; baseline 0 -38"><span class='ocrx_word' id='word_1_272' title='bbox 126 3195 234 3282; x_wconf 84' lang='lat' dir='ltr'><strong>pient</strong></span> <span class='ocrx_word' id='word_1_273' title='bbox 261 3194 349 3259; x_wconf 85' lang='lat' dir='ltr'><strong>seri.</strong></span> <span class='ocrx_word' id='word_1_274' title='bbox 394 3197 510 3296; x_wconf 81' lang='lat' dir='ltr'><strong>Virgil.</strong></span> <span class='ocrx_word' id='word_1_275' title='bbox 537 3200 659 3296; x_wconf 87' lang='lat' dir='ltr'><strong>Georg.</strong></span> <span class='ocrx_word' id='word_1_276' title='bbox 693 3197 734 3279; x_wconf 82' lang='lat'><strong>4,</strong></span> <span class='ocrx_word' id='word_1_277' title='bbox 755 3196 830 3263; x_wconf 75' lang='lat'><strong>⁵05.</strong></span> <span class='ocrx_word' id='word_1_278' title='bbox 850 3191 912 3259; x_wconf 80' lang='lat' dir='ltr'><strong>lenc</strong></span> <span class='ocrx_word' id='word_1_279' title='bbox 934 3194 1092 3283; x_wconf 83' lang='lat' dir='ltr'><strong>geritur,</strong></span> <span class='ocrx_word' id='word_1_280' title='bbox 1122 3216 1167 3258; x_wconf 75' lang='lat' dir='ltr'><strong>ze-</strong></span> 
     </span>
     <span class='ocr_line' id='line_1_35' title="bbox 124 3277 1168 3370; baseline 0 -26"><span class='ocrx_word' id='word_1_281' title='bbox 124 3277 249 3366; x_wconf 82' lang='lat' dir='ltr'><strong>phyria</strong></span> <span class='ocrx_word' id='word_1_282' title='bbox 266 3277 422 3367; x_wconf 84' lang='lat' dir='ltr'><strong>primum</strong></span> <span class='ocrx_word' id='word_1_283' title='bbox 448 3281 697 3370; x_wconf 73' lang='lat' dir='ltr'><strong>impellentium</strong></span> <span class='ocrx_word' id='word_1_284' title='bbox 725 3281 856 3362; x_wconf 66' lang='lat' dir='ltr'><strong>tendas,</strong></span> <span class='ocrx_word' id='word_1_285' title='bbox 895 3293 977 3345; x_wconf 88' lang='lat' dir='ltr'><strong>ante</strong></span> <span class='ocrx_word' id='word_1_286' title='bbox 1003 3283 1098 3346; x_wconf 79' lang='lat' dir='ltr'><strong>nouis</strong></span> <span class='ocrx_word' id='word_1_287' title='bbox 1118 3301 1168 3344; x_wconf 86' lang='lat' dir='ltr'><strong>ru-</strong></span> 
     </span>
     <span class='ocr_line' id='line_1_36' title="bbox 123 3360 1167 3453; baseline -0.002 -23"><span class='ocrx_word' id='word_1_288' title='bbox 123 3361 234 3430; x_wconf 81' lang='lat' dir='ltr'><strong>&#39;beunt</strong></span> <span class='ocrx_word' id='word_1_289' title='bbox 247 3384 351 3453; x_wconf 85' lang='lat' dir='ltr'><strong>quem</strong></span> <span class='ocrx_word' id='word_1_290' title='bbox 361 3377 473 3451; x_wconf 83' lang='lat' dir='ltr'><strong>prata</strong></span> <span class='ocrx_word' id='word_1_291' title='bbox 493 3364 671 3433; x_wconf 81' lang='lat' dir='ltr'><strong>coloribus.</strong></span> <span class='ocrx_word' id='word_1_292' title='bbox 716 3366 831 3432; x_wconf 87' lang='lat' dir='ltr'><strong>Senee.</strong></span> <span class='ocrx_word' id='word_1_293' title='bbox 847 3360 910 3452; x_wconf 85' lang='lat' dir='ltr'><strong>Ep.</strong></span> <span class='ocrx_word' id='word_1_294' title='bbox 936 3372 1015 3444; x_wconf 78' lang='lat'><strong>103,</strong></span> <span class='ocrx_word' id='word_1_295' title='bbox 1039 3375 1071 3433; x_wconf 84' lang='lat'><strong>2.</strong></span> <span class='ocrx_word' id='word_1_296' title='bbox 1095 3378 1167 3431; x_wconf 85' lang='lat' dir='ltr'><strong>tem-</strong></span> 
     </span>
     <span class='ocr_line' id='line_1_37' title="bbox 126 3449 1201 3541; baseline 0 -27"><span class='ocrx_word' id='word_1_297' title='bbox 126 3459 247 3536; x_wconf 83' lang='lat' dir='ltr'><strong>peetas</strong></span> <span class='ocrx_word' id='word_1_298' title='bbox 263 3451 435 3528; x_wconf 80' lang='lat' dir='ltr'><strong>minatur,</strong></span> <span class='ocrx_word' id='word_1_299' title='bbox 466 3462 650 3541; x_wconf 82' lang='lat' dir='ltr'><strong>antequam</strong></span> <span class='ocrx_word' id='word_1_300' title='bbox 665 3461 799 3540; x_wconf 78' lang='lat' dir='ltr'><strong>surgat.</strong></span> <span class='ocrx_word' id='word_1_301' title='bbox 855 3449 967 3515; x_wconf 84' lang='lat' dir='ltr'><strong>Senec.</strong></span> <span class='ocrx_word' id='word_1_302' title='bbox 992 3451 1090 3517; x_wconf 90' lang='lat' dir='ltr'><strong>Herc.</strong></span> <span class='ocrx_word' id='word_1_303' title='bbox 1112 3450 1167 3516; x_wconf 89' lang='lat' dir='ltr'><strong>fur.</strong></span> <span class='ocrx_word' id='word_1_304' title='bbox 1199 3526 1201 3531; x_wconf 23' lang='grc' dir='ltr'>Ι</span> 
     </span>
     <span class='ocr_line' id='line_1_38' title="bbox 131 3533 1167 3624; baseline -0.002 -24"><span class='ocrx_word' id='word_1_305' title='bbox 131 3541 206 3601; x_wconf 85' lang='lat'><strong>210.</strong></span> <span class='ocrx_word' id='word_1_306' title='bbox 226 3544 411 3623; x_wconf 78' lang='lat' dir='ltr'><strong>antequem</strong></span> <span class='ocrx_word' id='word_1_307' title='bbox 428 3534 558 3603; x_wconf 88' lang='lat' dir='ltr'><strong>laetum</strong></span> <span class='ocrx_word' id='word_1_308' title='bbox 576 3539 715 3602; x_wconf 86' lang='lat' dir='ltr'><strong>domum</strong></span> <span class='ocrx_word' id='word_1_309' title='bbox 730 3533 933 3624; x_wconf 76' lang='lat' dir='ltr'><strong>contingat,</strong></span> <span class='ocrx_word' id='word_1_310' title='bbox 957 3536 1059 3602; x_wconf 85' lang='lat' dir='ltr'><strong>uliud</strong></span> <span class='ocrx_word' id='word_1_311' title='bbox 1074 3539 1167 3603; x_wconf 83' lang='lat' dir='ltr'><strong>iussus</strong></span> 
     </span>
     <span class='ocr_line' id='line_1_39' title="bbox 132 3617 1168 3711; baseline 0.002 -27"><span class='ocrx_word' id='word_1_312' title='bbox 132 3618 183 3684; x_wconf 81' lang='lat' dir='ltr'><strong>acl</strong></span> <span class='ocrx_word' id='word_1_313' title='bbox 206 3617 330 3686; x_wconf 82' lang='lat' dir='ltr'><strong>bellum</strong></span> <span class='ocrx_word' id='word_1_314' title='bbox 344 3630 449 3686; x_wconf 83' lang='lat' dir='ltr'><strong>meet.</strong></span> <span class='ocrx_word' id='word_1_315' title='bbox 493 3624 588 3704; x_wconf 89' lang='lat' dir='ltr'><strong>Quae</strong></span> <span class='ocrx_word' id='word_1_316' title='bbox 607 3623 772 3711; x_wconf 82' lang='lat' dir='ltr'><strong>explicere</strong></span> <span class='ocrx_word' id='word_1_317' title='bbox 785 3643 853 3688; x_wconf 91' lang='lat' dir='ltr'><strong>non</strong></span> <span class='ocrx_word' id='word_1_318' title='bbox 868 3623 1008 3708; x_wconf 86' lang='lat' dir='ltr'><strong>poteris,</strong></span> <span class='ocrx_word' id='word_1_319' title='bbox 1029 3625 1057 3688; x_wconf 88' lang='lat' dir='ltr'><strong>si</strong></span> <span class='ocrx_word' id='word_1_320' title='bbox 1074 3625 1168 3689; x_wconf 88' lang='lat' dir='ltr'><strong>Gem-</strong></span> 
     </span>
     <span class='ocr_line' id='line_1_40' title="bbox 130 3704 1165 3798; baseline 0.003 -30"><span class='ocrx_word' id='word_1_321' title='bbox 130 3704 275 3770; x_wconf 85' lang='lat' dir='ltr'><strong>hardum</strong></span> <span class='ocrx_word' id='word_1_322' title='bbox 305 3707 451 3794; x_wconf 88' lang='lat' dir='ltr'><strong>sequaris</strong></span> <span class='ocrx_word' id='word_1_323' title='bbox 482 3708 518 3773; x_wconf 91' lang='lat' dir='ltr'><strong>in</strong></span> <span class='ocrx_word' id='word_1_324' title='bbox 549 3709 772 3773; x_wconf 87' lang='lat' dir='ltr'><strong>Commentat.</strong></span> <span class='ocrx_word' id='word_1_325' title='bbox 808 3725 948 3796; x_wconf 82' lang='lat' dir='ltr'><strong>gramm.</strong></span> <span class='ocrx_word' id='word_1_326' title='bbox 980 3706 1040 3773; x_wconf 88' lang='lat' dir='ltr'><strong>IV.</strong></span> <span class='ocrx_word' id='word_1_327' title='bbox 1071 3734 1105 3798; x_wconf 90' lang='lat' dir='ltr'><strong>p.</strong></span> <span class='ocrx_word' id='word_1_328' title='bbox 1127 3707 1165 3772; x_wconf 81' lang='lat' dir='ltr'><strong>tt.</strong></span> 
     </span>
     <span class='ocr_line' id='line_1_41' title="bbox 130 3790 1167 3942; baseline 0.002 -87"><span class='ocrx_word' id='word_1_329' title='bbox 130 3790 301 3880; x_wconf 88' lang='lat' dir='ltr'><strong>(Seebodii</strong></span> <span class='ocrx_word' id='word_1_330' title='bbox 329 3790 456 3942; x_wconf 64' lang='lat' dir='ltr'><strong>Syllop.</strong></span> <span class='ocrx_word' id='word_1_331' title='bbox 480 3795 520 3875; x_wconf 80' lang='lat'><strong>2,</strong></span> <span class='ocrx_word' id='word_1_332' title='bbox 544 3798 576 3859; x_wconf 79' lang='lat'><strong>3.</strong></span> <span class='ocrx_word' id='word_1_333' title='bbox 611 3815 647 3880; x_wconf 88' lang='lat' dir='ltr'><strong>p.</strong></span> <span class='ocrx_word' id='word_1_334' title='bbox 672 3793 761 3892; x_wconf 76' lang='lat'><strong>537.)</strong></span> <span class='ocrx_word' id='word_1_335' title='bbox 789 3790 1081 3882; x_wconf 71' lang='lat' dir='ltr'><strong>praecipientem„</strong></span> <span class='ocrx_word' id='word_1_336' title='bbox 1100 3814 1167 3888; x_wconf 76' lang='lat' dir='ltr'><strong>con·¹</strong></span> 
     </span>
     <span class='ocr_line' id='line_1_42' title="bbox 129 3875 1169 3965; baseline -0.001 -23"><span class='ocrx_word' id='word_1_337' title='bbox 129 3877 278 3942; x_wconf 89' lang='lat' dir='ltr'><strong>iunctivo</strong></span> <span class='ocrx_word' id='word_1_338' title='bbox 296 3878 422 3963; x_wconf 85' lang='lat' dir='ltr'><strong>pertico</strong></span> <span class='ocrx_word' id='word_1_339' title='bbox 438 3898 492 3943; x_wconf 90' lang='lat' dir='ltr'><strong>am</strong></span> <span class='ocrx_word' id='word_1_340' title='bbox 513 3900 584 3943; x_wconf 90' lang='lat' dir='ltr'><strong>non</strong></span> <span class='ocrx_word' id='word_1_341' title='bbox 600 3876 773 3964; x_wconf 86' lang='lat' dir='ltr'><strong>coniungi,</strong></span> <span class='ocrx_word' id='word_1_342' title='bbox 802 3875 867 3942; x_wconf 89' lang='lat' dir='ltr'><strong>nisi</strong></span> <span class='ocrx_word' id='word_1_343' title='bbox 887 3878 1114 3965; x_wconf 82' lang='lat' dir='ltr'><strong>suscipiendae</strong></span> <span class='ocrx_word' id='word_1_344' title='bbox 1131 3899 1169 3942; x_wconf 84' lang='lat' dir='ltr'><strong>rer</strong></span> 
     </span>
     <span class='ocr_line' id='line_1_43' title="bbox 131 3961 1171 4044; baseline 0.004 -20"><span class='ocrx_word' id='word_1_345' title='bbox 131 3961 267 4027; x_wconf 89' lang='lat' dir='ltr'><strong>alicuius</strong></span> <span class='ocrx_word' id='word_1_346' title='bbox 287 3961 418 4028; x_wconf 89' lang='lat' dir='ltr'><strong>initium</strong></span> <span class='ocrx_word' id='word_1_347' title='bbox 438 3962 583 4044; x_wconf 89' lang='lat' dir='ltr'><strong>adeius,</strong></span> <span class='ocrx_word' id='word_1_348' title='bbox 636 3966 669 4028; x_wconf 91' lang='lat' dir='ltr'><strong>ui</strong></span> <span class='ocrx_word' id='word_1_349' title='bbox 693 3964 777 4028; x_wconf 90' lang='lat' dir='ltr'><strong>susci</strong></span> <span class='ocrx_word' id='word_1_350' title='bbox 804 3965 847 4039; x_wconf 91' lang='lat' dir='ltr'><strong>it,</strong></span> <span class='ocrx_word' id='word_1_351' title='bbox 879 3971 1028 4028; x_wconf 88' lang='lat' dir='ltr'><strong>mentem</strong></span> <span class='ocrx_word' id='word_1_352' title='bbox 1053 3964 1171 4030; x_wconf 85' lang='lat' dir='ltr'><strong>refera-</strong></span> 
     </span>
     <span class='ocr_line' id='line_1_44' title="bbox 130 3987 1172 4138; baseline 0.004 -30"><span class='ocrx_word' id='word_1_353' title='bbox 130 4056 197 4110; x_wconf 86' lang='lat' dir='ltr'><strong>tur.</strong></span> <span class='ocrx_word' id='word_1_354' title='bbox 240 4047 390 4113; x_wconf 87' lang='lat' dir='ltr'><strong>Mcinero</strong></span> <span class='ocrx_word' id='word_1_355' title='bbox 415 4046 550 4138; x_wconf 86' lang='lat' dir='ltr'><strong>aliisque</strong></span> <span class='ocrx_word' id='word_1_356' title='bbox 573 3987 755 4113; x_wconf 66' lang='lat' dir='ltr'><strong>sudiciebet</strong></span> <span class='ocrx_word' id='word_1_357' title='bbox 772 3987 981 4136; x_wconf 70' lang='lat' dir='ltr'><strong>distinguere</strong></span> <span class='ocrx_word' id='word_1_358' title='bbox 1004 4050 1172 4115; x_wconf 87' lang='lat' dir='ltr'><strong>sententias</strong></span> 
     </span>
    </p>
   </div>
   <div class='ocr_carea' id='block_1_4' title="bbox 34 4131 1172 4226">
    <p class='ocr_par' dir='ltr' id='par_1_4' title="bbox 34 4131 1172 4226">
     <span class='ocr_line' id='line_1_45' title="bbox 34 4131 1172 4226; baseline 0.004 -27"><span class='ocrx_word' id='word_1_359' title='bbox 34 4195 36 4199; x_wconf 79' lang='grc'>,</span> <span class='ocrx_word' id='word_1_360' title='bbox 130 4135 234 4199; x_wconf 83' lang='lat' dir='ltr'><strong>certas</strong></span> <span class='ocrx_word' id='word_1_361' title='bbox 264 4141 297 4201; x_wconf 87' lang='grc'><strong>61</strong></span> <span class='ocrx_word' id='word_1_362' title='bbox 327 4131 452 4203; x_wconf 74' lang='lat' dir='ltr'><strong>dubias.</strong></span> <span class='ocrx_word' id='word_1_363' title='bbox 509 4138 553 4204; x_wconf 81' lang='lat' dir='ltr'><strong>At</strong></span> <span class='ocrx_word' id='word_1_364' title='bbox 583 4135 811 4204; x_wconf 87' lang='lat' dir='ltr'><strong>conditionem</strong></span> <span class='ocrx_word' id='word_1_365' title='bbox 839 4136 1006 4224; x_wconf 83' lang='lat' dir='ltr'><strong>respicere</strong></span> <span class='ocrx_word' id='word_1_366' title='bbox 1032 4143 1172 4226; x_wconf 85' lang='lat' dir='ltr'><strong>oportet,</strong></span> 
     </span>
    </p>
   </div>
   <div class='ocr_carea' id='block_1_5' title="bbox 0 0 1314 4770">
    <p class='ocr_par' dir='ltr' id='par_1_5' title="bbox 0 0 1314 4770">
     <span class='ocr_line' id='line_1_46' title="bbox 0 0 1314 4770; baseline 0 0"><span class='ocrx_word' id='word_1_367' title='bbox 0 0 1314 4770; x_wconf 95' lang='lat' dir='ltr'><strong> </strong></span> 
     </span>
    </p>
   </div>
  </div>
 </body>
</html>
